<?xml version='1.0' encoding='utf-8'?>
<Document xmlns="urn:iso:std:iso:20022:tech:xsd:camt.053.001.08"><BkToCstmrStmt><GrpHdr><MsgId>MSG85943600-MFLMRM</MsgId><CreDtTm>2024-10-01T19:47:18.279+03:00</CreDtTm><MsgPgntn><PgNb>1</PgNb><LastPgInd>true</LastPgInd></MsgPgntn><OrgnlBizQry><MsgId>MSG10390384-CDHHKQ</MsgId></OrgnlBizQry></GrpHdr><Stmt><Id>MSG49636007-CPVIQO</Id><Acct><Id><Othr><Id>LT625883379695428516</Id></Othr></Id><Tp><Prtry>ATSISK</Prtry></Tp><Ccy>EUR</Ccy><Ownr><Id><OrgId><AnyBIC>DEUTBEB4NDX</AnyBIC></OrgId></Id></Ownr></Acct><Bal><Tp><CdOrPrtry><Cd>OPBD</Cd></CdOrPrtry></Tp><Amt Ccy="EUR">19840350.07</Amt><Dt><Dt>2024-10-01</Dt></Dt><Avlbty><Amt Ccy="EUR">19839350.07</Amt></Avlbty></Bal><Bal><Tp><CdOrPrtry><Cd>CLBD</Cd></CdOrPrtry></Tp><Amt Ccy="EUR">21329785.55</Amt><Dt><Dt>2024-10-01</Dt></Dt><Avlbty><Amt Ccy="EUR">21328785.55</Amt></Avlbty></Bal><Ntry><NtryRef>REF000023758267</NtryRef><Amt Ccy="EUR">1479.35</Amt><CdtDbtInd>CRDT</CdtDbtInd><AcctSvcrRef>REF000023764440</AcctSvcrRef><BkTxCd><Prtry><Cd>ATSISK</Cd></Prtry></BkTxCd><NtryDtls><Btch><NbOfTxs>1</NbOfTxs></Btch><TxDtls><Amt Ccy="EUR">1479.35</Amt></TxDtls></NtryDtls></Ntry><Ntry><NtryRef>REF000023777264</NtryRef><Amt Ccy="EUR">805</Amt><CdtDbtInd>DBIT</CdtDbtInd><AcctSvcrRef>REF000023786646</AcctSvcrRef><BkTxCd><Prtry><Cd>ATSISK</Cd></Prtry></BkTxCd><NtryDtls><Btch><NbOfTxs>3</NbOfTxs></Btch><TxDtls><Amt Ccy="EUR">805</Amt></TxDtls></NtryDtls></Ntry><Ntry><NtryRef>REF000023798280</NtryRef><Amt Ccy="EUR">3959.27</Amt><CdtDbtInd>CRDT</CdtDbtInd><AcctSvcrRef>REF000023801452</AcctSvcrRef><BkTxCd><Prtry><Cd>ATSISK</Cd></Prtry></BkTxCd><NtryDtls><Btch><NbOfTxs>1</NbOfTxs></Btch><TxDtls><Amt Ccy="EUR">3959.27</Amt></TxDtls></NtryDtls></Ntry><Ntry><NtryRef>REF000023811092</NtryRef><Amt Ccy="EUR">2186112.41</Amt><CdtDbtInd>CRDT</CdtDbtInd><AcctSvcrRef>REF000023825239</AcctSvcrRef><BkTxCd><Prtry><Cd>ATSISK</Cd></Prtry></BkTxCd><NtryDtls><Btch><NbOfTxs>402</NbOfTxs></Btch><TxDtls><Amt Ccy="EUR">2186112.41</Amt></TxDtls></NtryDtls></Ntry><Ntry><NtryRef>REF000023831734</NtryRef><Amt Ccy="EUR">701250.55</Amt><CdtDbtInd>DBIT</CdtDbtInd><AcctSvcrRef>REF000023849955</AcctSvcrRef><BkTxCd><Prtry><Cd>KLIRNG</Cd></Prtry></BkTxCd><NtryDtls><Btch><NbOfTxs>7</NbOfTxs></Btch><TxDtls><Amt Ccy="EUR">701250.55</Amt></TxDtls></NtryDtls></Ntry><Ntry><NtryRef>REF000023851655</NtryRef><Amt Ccy="EUR">60</Amt><CdtDbtInd>DBIT</CdtDbtInd><AcctSvcrRef>REF000023865284</AcctSvcrRef><BkTxCd><Prtry><Cd>ATSISK</Cd></Prtry></BkTxCd><NtryDtls><Btch><NbOfTxs>1</NbOfTxs></Btch><TxDtls><Amt Ccy="EUR">60</Amt></TxDtls></NtryDtls></Ntry></Stmt></BkToCstmrStmt></Document>
