<?xml version='1.0' encoding='utf-8'?>
<Document xmlns="urn:iso:std:iso:20022:tech:xsd:camt.053.001.08"><BkToCstmrStmt><GrpHdr><MsgId>MSG85943600-MFLMRM</MsgId><CreDtTm>2024-04-29T19:48:24.921+03:00</CreDtTm><MsgPgntn><PgNb>2</PgNb><LastPgInd>true</LastPgInd></MsgPgntn><OrgnlBizQry><MsgId>MSG19538999-GGGCXV</MsgId></OrgnlBizQry></GrpHdr><Stmt><Id>MSG71502979-DWUZFN</Id><Acct><Id><Othr><Id>LT625883379695428516</Id></Othr></Id><Tp><Prtry>ATSISK</Prtry></Tp><Ccy>EUR</Ccy><Ownr><Id><OrgId><AnyBIC>DEUTBEB4NDX</AnyBIC></OrgId></Id></Ownr></Acct><Bal><Tp><CdOrPrtry><Cd>OPBD</Cd></CdOrPrtry></Tp><Amt Ccy="EUR">18235837.09</Amt><Dt><Dt>2024-04-29</Dt></Dt><Avlbty><Amt Ccy="EUR">18234837.09</Amt></Avlbty></Bal><Bal><Tp><CdOrPrtry><Cd>CLBD</Cd></CdOrPrtry></Tp><Amt Ccy="EUR">16711417.67</Amt><Dt><Dt>2024-04-29</Dt></Dt><Avlbty><Amt Ccy="EUR">16710417.67</Amt></Avlbty></Bal><Ntry><NtryRef>REF000005539665</NtryRef><Amt Ccy="EUR">2675</Amt><CdtDbtInd>DBIT</CdtDbtInd><AcctSvcrRef>REF000005546020</AcctSvcrRef><BkTxCd><Prtry><Cd>ATSISK</Cd></Prtry></BkTxCd><NtryDtls><Btch><NbOfTxs>2</NbOfTxs></Btch><TxDtls><Amt Ccy="EUR">2675</Amt></TxDtls></NtryDtls></Ntry><Ntry><NtryRef>REF000005555215</NtryRef><Amt Ccy="EUR">329187.86</Amt><CdtDbtInd>DBIT</CdtDbtInd><AcctSvcrRef>REF000005562846</AcctSvcrRef><BkTxCd><Prtry><Cd>ATSISK</Cd></Prtry></BkTxCd><NtryDtls><Btch><NbOfTxs>1</NbOfTxs></Btch><TxDtls><Amt Ccy="EUR">329187.86</Amt></TxDtls></NtryDtls></Ntry><Ntry><NtryRef>REF000005571092</NtryRef><Amt Ccy="EUR">856451.35</Amt><CdtDbtInd>CRDT</CdtDbtInd><AcctSvcrRef>REF000005585239</AcctSvcrRef><BkTxCd><Prtry><Cd>ATSISK</Cd></Prtry></BkTxCd><NtryDtls><Btch><NbOfTxs>197</NbOfTxs></Btch><TxDtls><Amt Ccy="EUR">856451.35</Amt></TxDtls></NtryDtls></Ntry><Ntry><NtryRef>REF000005591331</NtryRef><Amt Ccy="EUR">1515</Amt><CdtDbtInd>DBIT</CdtDbtInd><AcctSvcrRef>REF000005601748</AcctSvcrRef><BkTxCd><Prtry><Cd>ATSISK</Cd></Prtry></BkTxCd><NtryDtls><Btch><NbOfTxs>2</NbOfTxs></Btch><TxDtls><Amt Ccy="EUR">1515</Amt></TxDtls></NtryDtls></Ntry><Ntry><NtryRef>REF000005611734</NtryRef><Amt Ccy="EUR">1867796.04</Amt><CdtDbtInd>DBIT</CdtDbtInd><AcctSvcrRef>REF000005629955</AcctSvcrRef><BkTxCd><Prtry><Cd>KLIRNG</Cd></Prtry></BkTxCd><NtryDtls><Btch><NbOfTxs>8</NbOfTxs></Btch><TxDtls><Amt Ccy="EUR">1867796.04</Amt></TxDtls></NtryDtls></Ntry><Ntry><NtryRef>REF000005635235</NtryRef><Amt Ccy="EUR">180219.07</Amt><CdtDbtInd>DBIT</CdtDbtInd><AcctSvcrRef>REF000005648309</AcctSvcrRef><BkTxCd><Prtry><Cd>ATSISK</Cd></Prtry></BkTxCd><NtryDtls><Btch><NbOfTxs>3</NbOfTxs></Btch><TxDtls><Amt Ccy="EUR">180219.07</Amt></TxDtls></NtryDtls></Ntry><Ntry><NtryRef>REF000005659900</NtryRef><Amt Ccy="EUR">2011</Amt><CdtDbtInd>DBIT</CdtDbtInd><AcctSvcrRef>REF000005669124</AcctSvcrRef><BkTxCd><Prtry><Cd>ATSISK</Cd></Prtry></BkTxCd><NtryDtls><Btch><NbOfTxs>2</NbOfTxs></Btch><TxDtls><Amt Ccy="EUR">2011</Amt></TxDtls></NtryDtls></Ntry><Ntry><NtryRef>REF000005677078</NtryRef><Amt Ccy="EUR">2879.2</Amt><CdtDbtInd>CRDT</CdtDbtInd><AcctSvcrRef>REF000005682822</AcctSvcrRef><BkTxCd><Prtry><Cd>ATSISK</Cd></Prtry></BkTxCd><NtryDtls><Btch><NbOfTxs>1</NbOfTxs></Btch><TxDtls><Amt Ccy="EUR">2879.2</Amt></TxDtls></NtryDtls></Ntry><Ntry><NtryRef>REF000005694093</NtryRef><Amt Ccy="EUR">346</Amt><CdtDbtInd>DBIT</CdtDbtInd><AcctSvcrRef>REF000005703955</AcctSvcrRef><BkTxCd><Prtry><Cd>ATSISK</Cd></Prtry></BkTxCd><NtryDtls><Btch><NbOfTxs>2</NbOfTxs></Btch><TxDtls><Amt Ccy="EUR">346</Amt></TxDtls></NtryDtls></Ntry></Stmt><Stmt><Id>MSG35910295-CTMLST</Id><Acct><Id><Othr><Id>LT414319056143772570</Id></Othr></Id><Tp><Prtry>ATSSK2</Prtry></Tp><Ccy>EUR</Ccy><Ownr><Id><OrgId><AnyBIC>DEUTBEB4NDX</AnyBIC></OrgId></Id></Ownr></Acct><Bal><Tp><CdOrPrtry><Cd>OPBD</Cd></CdOrPrtry></Tp><Amt Ccy="EUR">801.55</Amt><Dt><Dt>2024-04-29</Dt></Dt><Avlbty><Amt Ccy="EUR">801.55</Amt></Avlbty></Bal><Bal><Tp><CdOrPrtry><Cd>CLBD</Cd></CdOrPrtry></Tp><Amt Ccy="EUR">801.55</Amt><Dt><Dt>2024-04-29</Dt></Dt><Avlbty><Amt Ccy="EUR">801.55</Amt></Avlbty></Bal></Stmt></BkToCstmrStmt></Document>
