<?xml version='1.0' encoding='utf-8'?>
<Document xmlns="urn:iso:std:iso:20022:tech:xsd:camt.053.001.08"><BkToCstmrStmt><GrpHdr><MsgId>MSG85943600-MFLMRM</MsgId><CreDtTm>2024-04-12T19:47:25.482+03:00</CreDtTm><MsgPgntn><PgNb>2</PgNb><LastPgInd>true</LastPgInd></MsgPgntn><OrgnlBizQry><MsgId>MSG87705895-YVKPJQ</MsgId></OrgnlBizQry></GrpHdr><Stmt><Id>MSG11914882-BIHJEB</Id><Acct><Id><Othr><Id>LT625883379695428516</Id></Othr></Id><Tp><Prtry>ATSISK</Prtry></Tp><Ccy>EUR</Ccy><Ownr><Id><OrgId><AnyBIC>DEUTBEB4NDX</AnyBIC></OrgId></Id></Ownr></Acct><Bal><Tp><CdOrPrtry><Cd>OPBD</Cd></CdOrPrtry></Tp><Amt Ccy="EUR">17194650.59</Amt><Dt><Dt>2024-04-12</Dt></Dt><Avlbty><Amt Ccy="EUR">17193650.59</Amt></Avlbty></Bal><Bal><Tp><CdOrPrtry><Cd>CLBD</Cd></CdOrPrtry></Tp><Amt Ccy="EUR">18637895.31</Amt><Dt><Dt>2024-04-12</Dt></Dt><Avlbty><Amt Ccy="EUR">18636895.31</Amt></Avlbty></Bal><Ntry><NtryRef>REF000003939665</NtryRef><Amt Ccy="EUR">48182</Amt><CdtDbtInd>CRDT</CdtDbtInd><AcctSvcrRef>REF000003946020</AcctSvcrRef><BkTxCd><Prtry><Cd>ATSISK</Cd></Prtry></BkTxCd><NtryDtls><Btch><NbOfTxs>2</NbOfTxs></Btch><TxDtls><Amt Ccy="EUR">48182</Amt></TxDtls></NtryDtls></Ntry><Ntry><NtryRef>REF000003959665</NtryRef><Amt Ccy="EUR">132287.89</Amt><CdtDbtInd>DBIT</CdtDbtInd><AcctSvcrRef>REF000003966020</AcctSvcrRef><BkTxCd><Prtry><Cd>ATSISK</Cd></Prtry></BkTxCd><NtryDtls><Btch><NbOfTxs>4</NbOfTxs></Btch><TxDtls><Amt Ccy="EUR">132287.89</Amt></TxDtls></NtryDtls></Ntry><Ntry><NtryRef>REF000003971092</NtryRef><Amt Ccy="EUR">1717424.72</Amt><CdtDbtInd>CRDT</CdtDbtInd><AcctSvcrRef>REF000003985239</AcctSvcrRef><BkTxCd><Prtry><Cd>ATSISK</Cd></Prtry></BkTxCd><NtryDtls><Btch><NbOfTxs>150</NbOfTxs></Btch><TxDtls><Amt Ccy="EUR">1717424.72</Amt></TxDtls></NtryDtls></Ntry><Ntry><NtryRef>REF000003991734</NtryRef><Amt Ccy="EUR">115347.5</Amt><CdtDbtInd>DBIT</CdtDbtInd><AcctSvcrRef>REF000004009955</AcctSvcrRef><BkTxCd><Prtry><Cd>KLIRNG</Cd></Prtry></BkTxCd><NtryDtls><Btch><NbOfTxs>6</NbOfTxs></Btch><TxDtls><Amt Ccy="EUR">115347.5</Amt></TxDtls></NtryDtls></Ntry><Ntry><NtryRef>REF000004015103</NtryRef><Amt Ccy="EUR">8.4</Amt><CdtDbtInd>DBIT</CdtDbtInd><AcctSvcrRef>REF000004021670</AcctSvcrRef><BkTxCd><Prtry><Cd>ATSISK</Cd></Prtry></BkTxCd><NtryDtls><Btch><NbOfTxs>1</NbOfTxs></Btch><TxDtls><Amt Ccy="EUR">8.4</Amt></TxDtls></NtryDtls></Ntry><Ntry><NtryRef>REF000004039900</NtryRef><Amt Ccy="EUR">236131.21</Amt><CdtDbtInd>DBIT</CdtDbtInd><AcctSvcrRef>REF000004049124</AcctSvcrRef><BkTxCd><Prtry><Cd>ATSISK</Cd></Prtry></BkTxCd><NtryDtls><Btch><NbOfTxs>2</NbOfTxs></Btch><TxDtls><Amt Ccy="EUR">236131.21</Amt></TxDtls></NtryDtls></Ntry><Ntry><NtryRef>REF000004056050</NtryRef><Amt Ccy="EUR">161063</Amt><CdtDbtInd>CRDT</CdtDbtInd><AcctSvcrRef>REF000004061303</AcctSvcrRef><BkTxCd><Prtry><Cd>ATSISK</Cd></Prtry></BkTxCd><NtryDtls><Btch><NbOfTxs>1</NbOfTxs></Btch><TxDtls><Amt Ccy="EUR">161063</Amt></TxDtls></NtryDtls></Ntry><Ntry><NtryRef>REF000004076776</NtryRef><Amt Ccy="EUR">350</Amt><CdtDbtInd>CRDT</CdtDbtInd><AcctSvcrRef>REF000004084080</AcctSvcrRef><BkTxCd><Prtry><Cd>ATSISK</Cd></Prtry></BkTxCd><NtryDtls><Btch><NbOfTxs>2</NbOfTxs></Btch><TxDtls><Amt Ccy="EUR">350</Amt></TxDtls></NtryDtls></Ntry></Stmt><Stmt><Id>MSG99837686-RKWJOO</Id><Acct><Id><Othr><Id>LT414319056143772570</Id></Othr></Id><Tp><Prtry>ATSSK2</Prtry></Tp><Ccy>EUR</Ccy><Ownr><Id><OrgId><AnyBIC>DEUTBEB4NDX</AnyBIC></OrgId></Id></Ownr></Acct><Bal><Tp><CdOrPrtry><Cd>OPBD</Cd></CdOrPrtry></Tp><Amt Ccy="EUR">2801.55</Amt><Dt><Dt>2024-04-12</Dt></Dt><Avlbty><Amt Ccy="EUR">2801.55</Amt></Avlbty></Bal><Bal><Tp><CdOrPrtry><Cd>CLBD</Cd></CdOrPrtry></Tp><Amt Ccy="EUR">2801.55</Amt><Dt><Dt>2024-04-12</Dt></Dt><Avlbty><Amt Ccy="EUR">2801.55</Amt></Avlbty></Bal></Stmt></BkToCstmrStmt></Document>
