<?xml version='1.0' encoding='utf-8'?>
<Document xmlns="urn:iso:std:iso:20022:tech:xsd:camt.053.001.08"><BkToCstmrStmt><GrpHdr><MsgId>MSG85943600-MFLMRM</MsgId><CreDtTm>2024-07-22T19:48:21.052+03:00</CreDtTm><MsgPgntn><PgNb>2</PgNb><LastPgInd>true</LastPgInd></MsgPgntn><OrgnlBizQry><MsgId>MSG69550159-FNIIWK</MsgId></OrgnlBizQry></GrpHdr><Stmt><Id>MSG73004490-FIBZSX</Id><Acct><Id><Othr><Id>LT414319056143772570</Id></Othr></Id><Tp><Prtry>ATSSK2</Prtry></Tp><Ccy>EUR</Ccy><Ownr><Id><OrgId><AnyBIC>DEUTBEB4NDX</AnyBIC></OrgId></Id></Ownr></Acct><Bal><Tp><CdOrPrtry><Cd>OPBD</Cd></CdOrPrtry></Tp><Amt Ccy="EUR">801.55</Amt><Dt><Dt>2024-07-22</Dt></Dt><Avlbty><Amt Ccy="EUR">801.55</Amt></Avlbty></Bal><Bal><Tp><CdOrPrtry><Cd>CLBD</Cd></CdOrPrtry></Tp><Amt Ccy="EUR">801.55</Amt><Dt><Dt>2024-07-22</Dt></Dt><Avlbty><Amt Ccy="EUR">801.55</Amt></Avlbty></Bal></Stmt><Stmt><Id>MSG34210181-DRPUON</Id><Acct><Id><Othr><Id>LT625883379695428516</Id></Othr></Id><Tp><Prtry>ATSISK</Prtry></Tp><Ccy>EUR</Ccy><Ownr><Id><OrgId><AnyBIC>DEUTBEB4NDX</AnyBIC></OrgId></Id></Ownr></Acct><Bal><Tp><CdOrPrtry><Cd>OPBD</Cd></CdOrPrtry></Tp><Amt Ccy="EUR">15677949.14</Amt><Dt><Dt>2024-07-22</Dt></Dt><Avlbty><Amt Ccy="EUR">15676949.14</Amt></Avlbty></Bal><Bal><Tp><CdOrPrtry><Cd>CLBD</Cd></CdOrPrtry></Tp><Amt Ccy="EUR">15256336.31</Amt><Dt><Dt>2024-07-22</Dt></Dt><Avlbty><Amt Ccy="EUR">15255336.31</Amt></Avlbty></Bal><Ntry><NtryRef>REF000015531092</NtryRef><Amt Ccy="EUR">1051026.44</Amt><CdtDbtInd>CRDT</CdtDbtInd><AcctSvcrRef>REF000015545239</AcctSvcrRef><BkTxCd><Prtry><Cd>ATSISK</Cd></Prtry></BkTxCd><NtryDtls><Btch><NbOfTxs>180</NbOfTxs></Btch><TxDtls><Amt Ccy="EUR">1051026.44</Amt></TxDtls></NtryDtls></Ntry><Ntry><NtryRef>REF000015551092</NtryRef><Amt Ccy="EUR">99.9</Amt><CdtDbtInd>DBIT</CdtDbtInd><AcctSvcrRef>REF000015565239</AcctSvcrRef><BkTxCd><Prtry><Cd>ATSISK</Cd></Prtry></BkTxCd><NtryDtls><Btch><NbOfTxs>1</NbOfTxs></Btch><TxDtls><Amt Ccy="EUR">99.9</Amt></TxDtls></NtryDtls></Ntry><Ntry><NtryRef>REF000015571734</NtryRef><Amt Ccy="EUR">1286973.37</Amt><CdtDbtInd>DBIT</CdtDbtInd><AcctSvcrRef>REF000015589955</AcctSvcrRef><BkTxCd><Prtry><Cd>KLIRNG</Cd></Prtry></BkTxCd><NtryDtls><Btch><NbOfTxs>7</NbOfTxs></Btch><TxDtls><Amt Ccy="EUR">1286973.37</Amt></TxDtls></NtryDtls></Ntry><Ntry><NtryRef>REF000015595235</NtryRef><Amt Ccy="EUR">101326</Amt><CdtDbtInd>DBIT</CdtDbtInd><AcctSvcrRef>REF000015608309</AcctSvcrRef><BkTxCd><Prtry><Cd>ATSISK</Cd></Prtry></BkTxCd><NtryDtls><Btch><NbOfTxs>2</NbOfTxs></Btch><TxDtls><Amt Ccy="EUR">101326</Amt></TxDtls></NtryDtls></Ntry><Ntry><NtryRef>REF000015613697</NtryRef><Amt Ccy="EUR">1047</Amt><CdtDbtInd>CRDT</CdtDbtInd><AcctSvcrRef>REF000015622611</AcctSvcrRef><BkTxCd><Prtry><Cd>ATSISK</Cd></Prtry></BkTxCd><NtryDtls><Btch><NbOfTxs>1</NbOfTxs></Btch><TxDtls><Amt Ccy="EUR">1047</Amt></TxDtls></NtryDtls></Ntry><Ntry><NtryRef>REF000015636776</NtryRef><Amt Ccy="EUR">200</Amt><CdtDbtInd>CRDT</CdtDbtInd><AcctSvcrRef>REF000015644080</AcctSvcrRef><BkTxCd><Prtry><Cd>ATSISK</Cd></Prtry></BkTxCd><NtryDtls><Btch><NbOfTxs>1</NbOfTxs></Btch><TxDtls><Amt Ccy="EUR">200</Amt></TxDtls></NtryDtls></Ntry><Ntry><NtryRef>REF000015654704</NtryRef><Amt Ccy="EUR">85100</Amt><CdtDbtInd>DBIT</CdtDbtInd><AcctSvcrRef>REF000015664477</AcctSvcrRef><BkTxCd><Prtry><Cd>ATSISK</Cd></Prtry></BkTxCd><NtryDtls><Btch><NbOfTxs>3</NbOfTxs></Btch><TxDtls><Amt Ccy="EUR">85100</Amt></TxDtls></NtryDtls></Ntry><Ntry><NtryRef>REF000015671655</NtryRef><Amt Ccy="EUR">387</Amt><CdtDbtInd>DBIT</CdtDbtInd><AcctSvcrRef>REF000015685284</AcctSvcrRef><BkTxCd><Prtry><Cd>ATSISK</Cd></Prtry></BkTxCd><NtryDtls><Btch><NbOfTxs>1</NbOfTxs></Btch><TxDtls><Amt Ccy="EUR">387</Amt></TxDtls></NtryDtls></Ntry></Stmt></BkToCstmrStmt></Document>
