<?xml version='1.0' encoding='utf-8'?>
<Document xmlns="urn:iso:std:iso:20022:tech:xsd:camt.053.001.08"><BkToCstmrStmt><GrpHdr><MsgId>MSG85943600-MFLMRM</MsgId><CreDtTm>2024-08-09T19:46:21.532+03:00</CreDtTm><MsgPgntn><PgNb>2</PgNb><LastPgInd>true</LastPgInd></MsgPgntn><OrgnlBizQry><MsgId>MSG60547192-ZXSEPU</MsgId></OrgnlBizQry></GrpHdr><Stmt><Id>MSG49184979-LSDDLJ</Id><Acct><Id><Othr><Id>LT414319056143772570</Id></Othr></Id><Tp><Prtry>ATSSK2</Prtry></Tp><Ccy>EUR</Ccy><Ownr><Id><OrgId><AnyBIC>DEUTBEB4NDX</AnyBIC></OrgId></Id></Ownr></Acct><Bal><Tp><CdOrPrtry><Cd>OPBD</Cd></CdOrPrtry></Tp><Amt Ccy="EUR">801.55</Amt><Dt><Dt>2024-08-09</Dt></Dt><Avlbty><Amt Ccy="EUR">801.55</Amt></Avlbty></Bal><Bal><Tp><CdOrPrtry><Cd>CLBD</Cd></CdOrPrtry></Tp><Amt Ccy="EUR">801.55</Amt><Dt><Dt>2024-08-09</Dt></Dt><Avlbty><Amt Ccy="EUR">801.55</Amt></Avlbty></Bal></Stmt><Stmt><Id>MSG64198854-VUTSXV</Id><Acct><Id><Othr><Id>LT625883379695428516</Id></Othr></Id><Tp><Prtry>ATSISK</Prtry></Tp><Ccy>EUR</Ccy><Ownr><Id><OrgId><AnyBIC>DEUTBEB4NDX</AnyBIC></OrgId></Id></Ownr></Acct><Bal><Tp><CdOrPrtry><Cd>OPBD</Cd></CdOrPrtry></Tp><Amt Ccy="EUR">17628326.03</Amt><Dt><Dt>2024-08-09</Dt></Dt><Avlbty><Amt Ccy="EUR">17627326.03</Amt></Avlbty></Bal><Bal><Tp><CdOrPrtry><Cd>CLBD</Cd></CdOrPrtry></Tp><Amt Ccy="EUR">17850686.44</Amt><Dt><Dt>2024-08-09</Dt></Dt><Avlbty><Amt Ccy="EUR">17849686.44</Amt></Avlbty></Bal><Ntry><NtryRef>REF000017651558</NtryRef><Amt Ccy="EUR">108000</Amt><CdtDbtInd>DBIT</CdtDbtInd><AcctSvcrRef>REF000017663800</AcctSvcrRef><BkTxCd><Prtry><Cd>ATSISK</Cd></Prtry></BkTxCd><NtryDtls><Btch><NbOfTxs>1</NbOfTxs></Btch><TxDtls><Amt Ccy="EUR">108000</Amt></TxDtls></NtryDtls></Ntry><Ntry><NtryRef>REF000017671092</NtryRef><Amt Ccy="EUR">1635884.29</Amt><CdtDbtInd>CRDT</CdtDbtInd><AcctSvcrRef>REF000017685239</AcctSvcrRef><BkTxCd><Prtry><Cd>ATSISK</Cd></Prtry></BkTxCd><NtryDtls><Btch><NbOfTxs>209</NbOfTxs></Btch><TxDtls><Amt Ccy="EUR">1635884.29</Amt></TxDtls></NtryDtls></Ntry><Ntry><NtryRef>REF000017698227</NtryRef><Amt Ccy="EUR">72542.1</Amt><CdtDbtInd>DBIT</CdtDbtInd><AcctSvcrRef>REF000017702605</AcctSvcrRef><BkTxCd><Prtry><Cd>ATSISK</Cd></Prtry></BkTxCd><NtryDtls><Btch><NbOfTxs>1</NbOfTxs></Btch><TxDtls><Amt Ccy="EUR">72542.1</Amt></TxDtls></NtryDtls></Ntry><Ntry><NtryRef>REF000017711734</NtryRef><Amt Ccy="EUR">188072.33</Amt><CdtDbtInd>DBIT</CdtDbtInd><AcctSvcrRef>REF000017729955</AcctSvcrRef><BkTxCd><Prtry><Cd>KLIRNG</Cd></Prtry></BkTxCd><NtryDtls><Btch><NbOfTxs>6</NbOfTxs></Btch><TxDtls><Amt Ccy="EUR">188072.33</Amt></TxDtls></NtryDtls></Ntry><Ntry><NtryRef>REF000017735235</NtryRef><Amt Ccy="EUR">1005237.52</Amt><CdtDbtInd>DBIT</CdtDbtInd><AcctSvcrRef>REF000017748309</AcctSvcrRef><BkTxCd><Prtry><Cd>ATSISK</Cd></Prtry></BkTxCd><NtryDtls><Btch><NbOfTxs>2</NbOfTxs></Btch><TxDtls><Amt Ccy="EUR">1005237.52</Amt></TxDtls></NtryDtls></Ntry><Ntry><NtryRef>REF000017753697</NtryRef><Amt Ccy="EUR">18098.47</Amt><CdtDbtInd>CRDT</CdtDbtInd><AcctSvcrRef>REF000017762611</AcctSvcrRef><BkTxCd><Prtry><Cd>ATSISK</Cd></Prtry></BkTxCd><NtryDtls><Btch><NbOfTxs>1</NbOfTxs></Btch><TxDtls><Amt Ccy="EUR">18098.47</Amt></TxDtls></NtryDtls></Ntry><Ntry><NtryRef>REF000017774704</NtryRef><Amt Ccy="EUR">15000</Amt><CdtDbtInd>DBIT</CdtDbtInd><AcctSvcrRef>REF000017784477</AcctSvcrRef><BkTxCd><Prtry><Cd>ATSISK</Cd></Prtry></BkTxCd><NtryDtls><Btch><NbOfTxs>1</NbOfTxs></Btch><TxDtls><Amt Ccy="EUR">15000</Amt></TxDtls></NtryDtls></Ntry><Ntry><NtryRef>REF000017792845</NtryRef><Amt Ccy="EUR">55990.7</Amt><CdtDbtInd>DBIT</CdtDbtInd><AcctSvcrRef>REF000017802208</AcctSvcrRef><BkTxCd><Prtry><Cd>ATSISK</Cd></Prtry></BkTxCd><NtryDtls><Btch><NbOfTxs>2</NbOfTxs></Btch><TxDtls><Amt Ccy="EUR">55990.7</Amt></TxDtls></NtryDtls></Ntry><Ntry><NtryRef>REF000017817243</NtryRef><Amt Ccy="EUR">35760</Amt><CdtDbtInd>CRDT</CdtDbtInd><AcctSvcrRef>REF000017826477</AcctSvcrRef><BkTxCd><Prtry><Cd>ATSISK</Cd></Prtry></BkTxCd><NtryDtls><Btch><NbOfTxs>1</NbOfTxs></Btch><TxDtls><Amt Ccy="EUR">35760</Amt></TxDtls></NtryDtls></Ntry><Ntry><NtryRef>REF000017834093</NtryRef><Amt Ccy="EUR">22539.7</Amt><CdtDbtInd>DBIT</CdtDbtInd><AcctSvcrRef>REF000017843955</AcctSvcrRef><BkTxCd><Prtry><Cd>ATSISK</Cd></Prtry></BkTxCd><NtryDtls><Btch><NbOfTxs>1</NbOfTxs></Btch><TxDtls><Amt Ccy="EUR">22539.7</Amt></TxDtls></NtryDtls></Ntry></Stmt></BkToCstmrStmt></Document>
