<?xml version='1.0' encoding='utf-8'?>
<Document xmlns="urn:iso:std:iso:20022:tech:xsd:camt.053.001.08"><BkToCstmrStmt><GrpHdr><MsgId>MSG85943600-MFLMRM</MsgId><CreDtTm>2024-08-22T19:46:33.791+03:00</CreDtTm><MsgPgntn><PgNb>2</PgNb><LastPgInd>true</LastPgInd></MsgPgntn><OrgnlBizQry><MsgId>MSG77597637-RISQQI</MsgId></OrgnlBizQry></GrpHdr><Stmt><Id>MSG61042426-NLZJJK</Id><Acct><Id><Othr><Id>LT414319056143772570</Id></Othr></Id><Tp><Prtry>ATSSK2</Prtry></Tp><Ccy>EUR</Ccy><Ownr><Id><OrgId><AnyBIC>DEUTBEB4NDX</AnyBIC></OrgId></Id></Ownr></Acct><Bal><Tp><CdOrPrtry><Cd>OPBD</Cd></CdOrPrtry></Tp><Amt Ccy="EUR">801.55</Amt><Dt><Dt>2024-08-22</Dt></Dt><Avlbty><Amt Ccy="EUR">801.55</Amt></Avlbty></Bal><Bal><Tp><CdOrPrtry><Cd>CLBD</Cd></CdOrPrtry></Tp><Amt Ccy="EUR">801.55</Amt><Dt><Dt>2024-08-22</Dt></Dt><Avlbty><Amt Ccy="EUR">801.55</Amt></Avlbty></Bal></Stmt><Stmt><Id>MSG91650783-OWULWE</Id><Acct><Id><Othr><Id>LT625883379695428516</Id></Othr></Id><Tp><Prtry>ATSISK</Prtry></Tp><Ccy>EUR</Ccy><Ownr><Id><OrgId><AnyBIC>DEUTBEB4NDX</AnyBIC></OrgId></Id></Ownr></Acct><Bal><Tp><CdOrPrtry><Cd>OPBD</Cd></CdOrPrtry></Tp><Amt Ccy="EUR">15987490.33</Amt><Dt><Dt>2024-08-22</Dt></Dt><Avlbty><Amt Ccy="EUR">15986490.33</Amt></Avlbty></Bal><Bal><Tp><CdOrPrtry><Cd>CLBD</Cd></CdOrPrtry></Tp><Amt Ccy="EUR">15235720.78</Amt><Dt><Dt>2024-08-22</Dt></Dt><Avlbty><Amt Ccy="EUR">15234720.78</Amt></Avlbty></Bal><Ntry><NtryRef>REF000019031558</NtryRef><Amt Ccy="EUR">5063</Amt><CdtDbtInd>DBIT</CdtDbtInd><AcctSvcrRef>REF000019043800</AcctSvcrRef><BkTxCd><Prtry><Cd>ATSISK</Cd></Prtry></BkTxCd><NtryDtls><Btch><NbOfTxs>1</NbOfTxs></Btch><TxDtls><Amt Ccy="EUR">5063</Amt></TxDtls></NtryDtls></Ntry><Ntry><NtryRef>REF000019058280</NtryRef><Amt Ccy="EUR">70</Amt><CdtDbtInd>CRDT</CdtDbtInd><AcctSvcrRef>REF000019061452</AcctSvcrRef><BkTxCd><Prtry><Cd>ATSISK</Cd></Prtry></BkTxCd><NtryDtls><Btch><NbOfTxs>1</NbOfTxs></Btch><TxDtls><Amt Ccy="EUR">70</Amt></TxDtls></NtryDtls></Ntry><Ntry><NtryRef>REF000019071092</NtryRef><Amt Ccy="EUR">638977.94</Amt><CdtDbtInd>CRDT</CdtDbtInd><AcctSvcrRef>REF000019085239</AcctSvcrRef><BkTxCd><Prtry><Cd>ATSISK</Cd></Prtry></BkTxCd><NtryDtls><Btch><NbOfTxs>175</NbOfTxs></Btch><TxDtls><Amt Ccy="EUR">638977.94</Amt></TxDtls></NtryDtls></Ntry><Ntry><NtryRef>REF000019091092</NtryRef><Amt Ccy="EUR">400</Amt><CdtDbtInd>DBIT</CdtDbtInd><AcctSvcrRef>REF000019105239</AcctSvcrRef><BkTxCd><Prtry><Cd>ATSISK</Cd></Prtry></BkTxCd><NtryDtls><Btch><NbOfTxs>1</NbOfTxs></Btch><TxDtls><Amt Ccy="EUR">400</Amt></TxDtls></NtryDtls></Ntry><Ntry><NtryRef>REF000019111331</NtryRef><Amt Ccy="EUR">10665</Amt><CdtDbtInd>DBIT</CdtDbtInd><AcctSvcrRef>REF000019121748</AcctSvcrRef><BkTxCd><Prtry><Cd>ATSISK</Cd></Prtry></BkTxCd><NtryDtls><Btch><NbOfTxs>1</NbOfTxs></Btch><TxDtls><Amt Ccy="EUR">10665</Amt></TxDtls></NtryDtls></Ntry><Ntry><NtryRef>REF000019131734</NtryRef><Amt Ccy="EUR">249053.55</Amt><CdtDbtInd>DBIT</CdtDbtInd><AcctSvcrRef>REF000019149955</AcctSvcrRef><BkTxCd><Prtry><Cd>KLIRNG</Cd></Prtry></BkTxCd><NtryDtls><Btch><NbOfTxs>6</NbOfTxs></Btch><TxDtls><Amt Ccy="EUR">249053.55</Amt></TxDtls></NtryDtls></Ntry><Ntry><NtryRef>REF000019155235</NtryRef><Amt Ccy="EUR">124751</Amt><CdtDbtInd>DBIT</CdtDbtInd><AcctSvcrRef>REF000019168309</AcctSvcrRef><BkTxCd><Prtry><Cd>ATSISK</Cd></Prtry></BkTxCd><NtryDtls><Btch><NbOfTxs>7</NbOfTxs></Btch><TxDtls><Amt Ccy="EUR">124751</Amt></TxDtls></NtryDtls></Ntry><Ntry><NtryRef>REF000019179900</NtryRef><Amt Ccy="EUR">907778.14</Amt><CdtDbtInd>DBIT</CdtDbtInd><AcctSvcrRef>REF000019189124</AcctSvcrRef><BkTxCd><Prtry><Cd>ATSISK</Cd></Prtry></BkTxCd><NtryDtls><Btch><NbOfTxs>8</NbOfTxs></Btch><TxDtls><Amt Ccy="EUR">907778.14</Amt></TxDtls></NtryDtls></Ntry><Ntry><NtryRef>REF000019194704</NtryRef><Amt Ccy="EUR">9399</Amt><CdtDbtInd>DBIT</CdtDbtInd><AcctSvcrRef>REF000019204477</AcctSvcrRef><BkTxCd><Prtry><Cd>ATSISK</Cd></Prtry></BkTxCd><NtryDtls><Btch><NbOfTxs>2</NbOfTxs></Btch><TxDtls><Amt Ccy="EUR">9399</Amt></TxDtls></NtryDtls></Ntry><Ntry><NtryRef>REF000019212615</NtryRef><Amt Ccy="EUR">83604.8</Amt><CdtDbtInd>DBIT</CdtDbtInd><AcctSvcrRef>REF000019227676</AcctSvcrRef><BkTxCd><Prtry><Cd>ATSISK</Cd></Prtry></BkTxCd><NtryDtls><Btch><NbOfTxs>1</NbOfTxs></Btch><TxDtls><Amt Ccy="EUR">83604.8</Amt></TxDtls></NtryDtls></Ntry><Ntry><NtryRef>REF000019231655</NtryRef><Amt Ccy="EUR">103</Amt><CdtDbtInd>DBIT</CdtDbtInd><AcctSvcrRef>REF000019245284</AcctSvcrRef><BkTxCd><Prtry><Cd>ATSISK</Cd></Prtry></BkTxCd><NtryDtls><Btch><NbOfTxs>1</NbOfTxs></Btch><TxDtls><Amt Ccy="EUR">103</Amt></TxDtls></NtryDtls></Ntry></Stmt></BkToCstmrStmt></Document>
