<?xml version='1.0' encoding='utf-8'?>
<Document xmlns="urn:iso:std:iso:20022:tech:xsd:camt.053.001.08"><BkToCstmrStmt><GrpHdr><MsgId>MSG85943600-MFLMRM</MsgId><CreDtTm>2024-08-23T19:47:26.484+03:00</CreDtTm><MsgPgntn><PgNb>2</PgNb><LastPgInd>true</LastPgInd></MsgPgntn><OrgnlBizQry><MsgId>MSG57630295-QYOSKW</MsgId></OrgnlBizQry></GrpHdr><Stmt><Id>MSG92859551-PVTLQP</Id><Acct><Id><Othr><Id>LT414319056143772570</Id></Othr></Id><Tp><Prtry>ATSSK2</Prtry></Tp><Ccy>EUR</Ccy><Ownr><Id><OrgId><AnyBIC>DEUTBEB4NDX</AnyBIC></OrgId></Id></Ownr></Acct><Bal><Tp><CdOrPrtry><Cd>OPBD</Cd></CdOrPrtry></Tp><Amt Ccy="EUR">801.55</Amt><Dt><Dt>2024-08-23</Dt></Dt><Avlbty><Amt Ccy="EUR">801.55</Amt></Avlbty></Bal><Bal><Tp><CdOrPrtry><Cd>CLBD</Cd></CdOrPrtry></Tp><Amt Ccy="EUR">801.55</Amt><Dt><Dt>2024-08-23</Dt></Dt><Avlbty><Amt Ccy="EUR">801.55</Amt></Avlbty></Bal></Stmt><Stmt><Id>MSG54671962-RUCVXV</Id><Acct><Id><Othr><Id>LT625883379695428516</Id></Othr></Id><Tp><Prtry>ATSISK</Prtry></Tp><Ccy>EUR</Ccy><Ownr><Id><OrgId><AnyBIC>DEUTBEB4NDX</AnyBIC></OrgId></Id></Ownr></Acct><Bal><Tp><CdOrPrtry><Cd>OPBD</Cd></CdOrPrtry></Tp><Amt Ccy="EUR">15235720.78</Amt><Dt><Dt>2024-08-23</Dt></Dt><Avlbty><Amt Ccy="EUR">15234720.78</Amt></Avlbty></Bal><Bal><Tp><CdOrPrtry><Cd>CLBD</Cd></CdOrPrtry></Tp><Amt Ccy="EUR">14486455.38</Amt><Dt><Dt>2024-08-23</Dt></Dt><Avlbty><Amt Ccy="EUR">14485455.38</Amt></Avlbty></Bal><Ntry><NtryRef>REF000019251092</NtryRef><Amt Ccy="EUR">616873.8</Amt><CdtDbtInd>CRDT</CdtDbtInd><AcctSvcrRef>REF000019265239</AcctSvcrRef><BkTxCd><Prtry><Cd>ATSISK</Cd></Prtry></BkTxCd><NtryDtls><Btch><NbOfTxs>142</NbOfTxs></Btch><TxDtls><Amt Ccy="EUR">616873.8</Amt></TxDtls></NtryDtls></Ntry><Ntry><NtryRef>REF000019271734</NtryRef><Amt Ccy="EUR">684331.44</Amt><CdtDbtInd>DBIT</CdtDbtInd><AcctSvcrRef>REF000019289955</AcctSvcrRef><BkTxCd><Prtry><Cd>KLIRNG</Cd></Prtry></BkTxCd><NtryDtls><Btch><NbOfTxs>7</NbOfTxs></Btch><TxDtls><Amt Ccy="EUR">684331.44</Amt></TxDtls></NtryDtls></Ntry><Ntry><NtryRef>REF000019295235</NtryRef><Amt Ccy="EUR">540670.75</Amt><CdtDbtInd>DBIT</CdtDbtInd><AcctSvcrRef>REF000019308309</AcctSvcrRef><BkTxCd><Prtry><Cd>ATSISK</Cd></Prtry></BkTxCd><NtryDtls><Btch><NbOfTxs>5</NbOfTxs></Btch><TxDtls><Amt Ccy="EUR">540670.75</Amt></TxDtls></NtryDtls></Ntry><Ntry><NtryRef>REF000019319900</NtryRef><Amt Ccy="EUR">141419.97</Amt><CdtDbtInd>DBIT</CdtDbtInd><AcctSvcrRef>REF000019329124</AcctSvcrRef><BkTxCd><Prtry><Cd>ATSISK</Cd></Prtry></BkTxCd><NtryDtls><Btch><NbOfTxs>1</NbOfTxs></Btch><TxDtls><Amt Ccy="EUR">141419.97</Amt></TxDtls></NtryDtls></Ntry><Ntry><NtryRef>REF000019333697</NtryRef><Amt Ccy="EUR">26612.76</Amt><CdtDbtInd>CRDT</CdtDbtInd><AcctSvcrRef>REF000019342611</AcctSvcrRef><BkTxCd><Prtry><Cd>ATSISK</Cd></Prtry></BkTxCd><NtryDtls><Btch><NbOfTxs>1</NbOfTxs></Btch><TxDtls><Amt Ccy="EUR">26612.76</Amt></TxDtls></NtryDtls></Ntry><Ntry><NtryRef>REF000019359683</NtryRef><Amt Ccy="EUR">549.8</Amt><CdtDbtInd>DBIT</CdtDbtInd><AcctSvcrRef>REF000019368629</AcctSvcrRef><BkTxCd><Prtry><Cd>ATSISK</Cd></Prtry></BkTxCd><NtryDtls><Btch><NbOfTxs>1</NbOfTxs></Btch><TxDtls><Amt Ccy="EUR">549.8</Amt></TxDtls></NtryDtls></Ntry><Ntry><NtryRef>REF000019374704</NtryRef><Amt Ccy="EUR">25800</Amt><CdtDbtInd>DBIT</CdtDbtInd><AcctSvcrRef>REF000019384477</AcctSvcrRef><BkTxCd><Prtry><Cd>ATSISK</Cd></Prtry></BkTxCd><NtryDtls><Btch><NbOfTxs>2</NbOfTxs></Btch><TxDtls><Amt Ccy="EUR">25800</Amt></TxDtls></NtryDtls></Ntry><Ntry><NtryRef>REF000019391655</NtryRef><Amt Ccy="EUR">20</Amt><CdtDbtInd>CRDT</CdtDbtInd><AcctSvcrRef>REF000019405284</AcctSvcrRef><BkTxCd><Prtry><Cd>ATSISK</Cd></Prtry></BkTxCd><NtryDtls><Btch><NbOfTxs>1</NbOfTxs></Btch><TxDtls><Amt Ccy="EUR">20</Amt></TxDtls></NtryDtls></Ntry></Stmt></BkToCstmrStmt></Document>
