<?xml version='1.0' encoding='utf-8'?>
<Document xmlns="urn:iso:std:iso:20022:tech:xsd:camt.053.001.08"><BkToCstmrStmt><GrpHdr><MsgId>MSG85943600-MFLMRM</MsgId><CreDtTm>2024-06-10T20:18:22.418+03:00</CreDtTm><MsgPgntn><PgNb>2</PgNb><LastPgInd>true</LastPgInd></MsgPgntn><OrgnlBizQry><MsgId>MSG89121274-TSBNQA</MsgId></OrgnlBizQry></GrpHdr><Stmt><Id>MSG24353948-SBABAS</Id><Acct><Id><Othr><Id>LT625883379695428516</Id></Othr></Id><Tp><Prtry>ATSISK</Prtry></Tp><Ccy>EUR</Ccy><Ownr><Id><OrgId><AnyBIC>DEUTBEB4NDX</AnyBIC></OrgId></Id></Ownr></Acct><Bal><Tp><CdOrPrtry><Cd>OPBD</Cd></CdOrPrtry></Tp><Amt Ccy="EUR">16573965.47</Amt><Dt><Dt>2024-06-10</Dt></Dt><Avlbty><Amt Ccy="EUR">16572965.47</Amt></Avlbty></Bal><Bal><Tp><CdOrPrtry><Cd>CLBD</Cd></CdOrPrtry></Tp><Amt Ccy="EUR">16896616</Amt><Dt><Dt>2024-06-10</Dt></Dt><Avlbty><Amt Ccy="EUR">16895616</Amt></Avlbty></Bal><Ntry><NtryRef>REF000010651092</NtryRef><Amt Ccy="EUR">1344088.33</Amt><CdtDbtInd>CRDT</CdtDbtInd><AcctSvcrRef>REF000010665239</AcctSvcrRef><BkTxCd><Prtry><Cd>ATSISK</Cd></Prtry></BkTxCd><NtryDtls><Btch><NbOfTxs>219</NbOfTxs></Btch><TxDtls><Amt Ccy="EUR">1344088.33</Amt></TxDtls></NtryDtls></Ntry><Ntry><NtryRef>REF000010671734</NtryRef><Amt Ccy="EUR">275305.59</Amt><CdtDbtInd>DBIT</CdtDbtInd><AcctSvcrRef>REF000010689955</AcctSvcrRef><BkTxCd><Prtry><Cd>KLIRNG</Cd></Prtry></BkTxCd><NtryDtls><Btch><NbOfTxs>8</NbOfTxs></Btch><TxDtls><Amt Ccy="EUR">275305.59</Amt></TxDtls></NtryDtls></Ntry><Ntry><NtryRef>REF000010695235</NtryRef><Amt Ccy="EUR">657141.52</Amt><CdtDbtInd>DBIT</CdtDbtInd><AcctSvcrRef>REF000010708309</AcctSvcrRef><BkTxCd><Prtry><Cd>ATSISK</Cd></Prtry></BkTxCd><NtryDtls><Btch><NbOfTxs>2</NbOfTxs></Btch><TxDtls><Amt Ccy="EUR">657141.52</Amt></TxDtls></NtryDtls></Ntry><Ntry><NtryRef>REF000010716776</NtryRef><Amt Ccy="EUR">55</Amt><CdtDbtInd>CRDT</CdtDbtInd><AcctSvcrRef>REF000010724080</AcctSvcrRef><BkTxCd><Prtry><Cd>ATSISK</Cd></Prtry></BkTxCd><NtryDtls><Btch><NbOfTxs>2</NbOfTxs></Btch><TxDtls><Amt Ccy="EUR">55</Amt></TxDtls></NtryDtls></Ntry><Ntry><NtryRef>REF000010734704</NtryRef><Amt Ccy="EUR">18700</Amt><CdtDbtInd>DBIT</CdtDbtInd><AcctSvcrRef>REF000010744477</AcctSvcrRef><BkTxCd><Prtry><Cd>ATSISK</Cd></Prtry></BkTxCd><NtryDtls><Btch><NbOfTxs>1</NbOfTxs></Btch><TxDtls><Amt Ccy="EUR">18700</Amt></TxDtls></NtryDtls></Ntry><Ntry><NtryRef>REF000010752615</NtryRef><Amt Ccy="EUR">70265.69</Amt><CdtDbtInd>DBIT</CdtDbtInd><AcctSvcrRef>REF000010767676</AcctSvcrRef><BkTxCd><Prtry><Cd>ATSISK</Cd></Prtry></BkTxCd><NtryDtls><Btch><NbOfTxs>1</NbOfTxs></Btch><TxDtls><Amt Ccy="EUR">70265.69</Amt></TxDtls></NtryDtls></Ntry><Ntry><NtryRef>REF000010771655</NtryRef><Amt Ccy="EUR">80</Amt><CdtDbtInd>DBIT</CdtDbtInd><AcctSvcrRef>REF000010785284</AcctSvcrRef><BkTxCd><Prtry><Cd>ATSISK</Cd></Prtry></BkTxCd><NtryDtls><Btch><NbOfTxs>1</NbOfTxs></Btch><TxDtls><Amt Ccy="EUR">80</Amt></TxDtls></NtryDtls></Ntry></Stmt><Stmt><Id>MSG72911086-JSXJOI</Id><Acct><Id><Othr><Id>LT414319056143772570</Id></Othr></Id><Tp><Prtry>ATSSK2</Prtry></Tp><Ccy>EUR</Ccy><Ownr><Id><OrgId><AnyBIC>DEUTBEB4NDX</AnyBIC></OrgId></Id></Ownr></Acct><Bal><Tp><CdOrPrtry><Cd>OPBD</Cd></CdOrPrtry></Tp><Amt Ccy="EUR">801.55</Amt><Dt><Dt>2024-06-10</Dt></Dt><Avlbty><Amt Ccy="EUR">801.55</Amt></Avlbty></Bal><Bal><Tp><CdOrPrtry><Cd>CLBD</Cd></CdOrPrtry></Tp><Amt Ccy="EUR">801.55</Amt><Dt><Dt>2024-06-10</Dt></Dt><Avlbty><Amt Ccy="EUR">801.55</Amt></Avlbty></Bal></Stmt></BkToCstmrStmt></Document>
