<?xml version='1.0' encoding='utf-8'?>
<Document xmlns="urn:iso:std:iso:20022:tech:xsd:camt.053.001.08"><BkToCstmrStmt><GrpHdr><MsgId>MSG85943600-MFLMRM</MsgId><CreDtTm>2024-06-13T19:47:21.500+03:00</CreDtTm><MsgPgntn><PgNb>2</PgNb><LastPgInd>true</LastPgInd></MsgPgntn><OrgnlBizQry><MsgId>MSG85461659-VHNBVG</MsgId></OrgnlBizQry></GrpHdr><Stmt><Id>MSG92361430-VOLXJO</Id><Acct><Id><Othr><Id>LT625883379695428516</Id></Othr></Id><Tp><Prtry>ATSISK</Prtry></Tp><Ccy>EUR</Ccy><Ownr><Id><OrgId><AnyBIC>DEUTBEB4NDX</AnyBIC></OrgId></Id></Ownr></Acct><Bal><Tp><CdOrPrtry><Cd>OPBD</Cd></CdOrPrtry></Tp><Amt Ccy="EUR">18752478.78</Amt><Dt><Dt>2024-06-13</Dt></Dt><Avlbty><Amt Ccy="EUR">18751478.78</Amt></Avlbty></Bal><Bal><Tp><CdOrPrtry><Cd>CLBD</Cd></CdOrPrtry></Tp><Amt Ccy="EUR">18885260.41</Amt><Dt><Dt>2024-06-13</Dt></Dt><Avlbty><Amt Ccy="EUR">18884260.41</Amt></Avlbty></Bal><Ntry><NtryRef>REF000011117264</NtryRef><Amt Ccy="EUR">6</Amt><CdtDbtInd>CRDT</CdtDbtInd><AcctSvcrRef>REF000011126646</AcctSvcrRef><BkTxCd><Prtry><Cd>ATSISK</Cd></Prtry></BkTxCd><NtryDtls><Btch><NbOfTxs>1</NbOfTxs></Btch><TxDtls><Amt Ccy="EUR">6</Amt></TxDtls></NtryDtls></Ntry><Ntry><NtryRef>REF000011137264</NtryRef><Amt Ccy="EUR">4</Amt><CdtDbtInd>DBIT</CdtDbtInd><AcctSvcrRef>REF000011146646</AcctSvcrRef><BkTxCd><Prtry><Cd>ATSISK</Cd></Prtry></BkTxCd><NtryDtls><Btch><NbOfTxs>1</NbOfTxs></Btch><TxDtls><Amt Ccy="EUR">4</Amt></TxDtls></NtryDtls></Ntry><Ntry><NtryRef>REF000011151092</NtryRef><Amt Ccy="EUR">445149.99</Amt><CdtDbtInd>CRDT</CdtDbtInd><AcctSvcrRef>REF000011165239</AcctSvcrRef><BkTxCd><Prtry><Cd>ATSISK</Cd></Prtry></BkTxCd><NtryDtls><Btch><NbOfTxs>164</NbOfTxs></Btch><TxDtls><Amt Ccy="EUR">445149.99</Amt></TxDtls></NtryDtls></Ntry><Ntry><NtryRef>REF000011171734</NtryRef><Amt Ccy="EUR">310870.36</Amt><CdtDbtInd>DBIT</CdtDbtInd><AcctSvcrRef>REF000011189955</AcctSvcrRef><BkTxCd><Prtry><Cd>KLIRNG</Cd></Prtry></BkTxCd><NtryDtls><Btch><NbOfTxs>7</NbOfTxs></Btch><TxDtls><Amt Ccy="EUR">310870.36</Amt></TxDtls></NtryDtls></Ntry><Ntry><NtryRef>REF000011191655</NtryRef><Amt Ccy="EUR">1500</Amt><CdtDbtInd>DBIT</CdtDbtInd><AcctSvcrRef>REF000011205284</AcctSvcrRef><BkTxCd><Prtry><Cd>ATSISK</Cd></Prtry></BkTxCd><NtryDtls><Btch><NbOfTxs>1</NbOfTxs></Btch><TxDtls><Amt Ccy="EUR">1500</Amt></TxDtls></NtryDtls></Ntry></Stmt><Stmt><Id>MSG47055003-EFLJXB</Id><Acct><Id><Othr><Id>LT414319056143772570</Id></Othr></Id><Tp><Prtry>ATSSK2</Prtry></Tp><Ccy>EUR</Ccy><Ownr><Id><OrgId><AnyBIC>DEUTBEB4NDX</AnyBIC></OrgId></Id></Ownr></Acct><Bal><Tp><CdOrPrtry><Cd>OPBD</Cd></CdOrPrtry></Tp><Amt Ccy="EUR">801.55</Amt><Dt><Dt>2024-06-13</Dt></Dt><Avlbty><Amt Ccy="EUR">801.55</Amt></Avlbty></Bal><Bal><Tp><CdOrPrtry><Cd>CLBD</Cd></CdOrPrtry></Tp><Amt Ccy="EUR">801.55</Amt><Dt><Dt>2024-06-13</Dt></Dt><Avlbty><Amt Ccy="EUR">801.55</Amt></Avlbty></Bal></Stmt></BkToCstmrStmt></Document>
