<?xml version='1.0' encoding='utf-8'?>
<Document xmlns="urn:iso:std:iso:20022:tech:xsd:camt.053.001.08"><BkToCstmrStmt><GrpHdr><MsgId>MSG85943600-MFLMRM</MsgId><CreDtTm>2024-07-24T19:47:18.764+03:00</CreDtTm><MsgPgntn><PgNb>2</PgNb><LastPgInd>true</LastPgInd></MsgPgntn><OrgnlBizQry><MsgId>MSG29699433-EBKKUC</MsgId></OrgnlBizQry></GrpHdr><Stmt><Id>MSG96683288-XNCSIA</Id><Acct><Id><Othr><Id>LT414319056143772570</Id></Othr></Id><Tp><Prtry>ATSSK2</Prtry></Tp><Ccy>EUR</Ccy><Ownr><Id><OrgId><AnyBIC>DEUTBEB4NDX</AnyBIC></OrgId></Id></Ownr></Acct><Bal><Tp><CdOrPrtry><Cd>OPBD</Cd></CdOrPrtry></Tp><Amt Ccy="EUR">801.55</Amt><Dt><Dt>2024-07-24</Dt></Dt><Avlbty><Amt Ccy="EUR">801.55</Amt></Avlbty></Bal><Bal><Tp><CdOrPrtry><Cd>CLBD</Cd></CdOrPrtry></Tp><Amt Ccy="EUR">801.55</Amt><Dt><Dt>2024-07-24</Dt></Dt><Avlbty><Amt Ccy="EUR">801.55</Amt></Avlbty></Bal></Stmt><Stmt><Id>MSG27515305-QBDXPN</Id><Acct><Id><Othr><Id>LT625883379695428516</Id></Othr></Id><Tp><Prtry>ATSISK</Prtry></Tp><Ccy>EUR</Ccy><Ownr><Id><OrgId><AnyBIC>DEUTBEB4NDX</AnyBIC></OrgId></Id></Ownr></Acct><Bal><Tp><CdOrPrtry><Cd>OPBD</Cd></CdOrPrtry></Tp><Amt Ccy="EUR">15249450.09</Amt><Dt><Dt>2024-07-24</Dt></Dt><Avlbty><Amt Ccy="EUR">15248450.09</Amt></Avlbty></Bal><Bal><Tp><CdOrPrtry><Cd>CLBD</Cd></CdOrPrtry></Tp><Amt Ccy="EUR">15570714.75</Amt><Dt><Dt>2024-07-24</Dt></Dt><Avlbty><Amt Ccy="EUR">15569714.75</Amt></Avlbty></Bal><Ntry><NtryRef>REF000015838280</NtryRef><Amt Ccy="EUR">15.01</Amt><CdtDbtInd>DBIT</CdtDbtInd><AcctSvcrRef>REF000015841452</AcctSvcrRef><BkTxCd><Prtry><Cd>ATSISK</Cd></Prtry></BkTxCd><NtryDtls><Btch><NbOfTxs>1</NbOfTxs></Btch><TxDtls><Amt Ccy="EUR">15.01</Amt></TxDtls></NtryDtls></Ntry><Ntry><NtryRef>REF000015851092</NtryRef><Amt Ccy="EUR">457109.12</Amt><CdtDbtInd>CRDT</CdtDbtInd><AcctSvcrRef>REF000015865239</AcctSvcrRef><BkTxCd><Prtry><Cd>ATSISK</Cd></Prtry></BkTxCd><NtryDtls><Btch><NbOfTxs>119</NbOfTxs></Btch><TxDtls><Amt Ccy="EUR">457109.12</Amt></TxDtls></NtryDtls></Ntry><Ntry><NtryRef>REF000015871734</NtryRef><Amt Ccy="EUR">155897.85</Amt><CdtDbtInd>DBIT</CdtDbtInd><AcctSvcrRef>REF000015889955</AcctSvcrRef><BkTxCd><Prtry><Cd>KLIRNG</Cd></Prtry></BkTxCd><NtryDtls><Btch><NbOfTxs>7</NbOfTxs></Btch><TxDtls><Amt Ccy="EUR">155897.85</Amt></TxDtls></NtryDtls></Ntry><Ntry><NtryRef>REF000015891655</NtryRef><Amt Ccy="EUR">1500</Amt><CdtDbtInd>DBIT</CdtDbtInd><AcctSvcrRef>REF000015905284</AcctSvcrRef><BkTxCd><Prtry><Cd>ATSISK</Cd></Prtry></BkTxCd><NtryDtls><Btch><NbOfTxs>1</NbOfTxs></Btch><TxDtls><Amt Ccy="EUR">1500</Amt></TxDtls></NtryDtls></Ntry><Ntry><NtryRef>REF000015912845</NtryRef><Amt Ccy="EUR">21568.4</Amt><CdtDbtInd>CRDT</CdtDbtInd><AcctSvcrRef>REF000015922208</AcctSvcrRef><BkTxCd><Prtry><Cd>ATSISK</Cd></Prtry></BkTxCd><NtryDtls><Btch><NbOfTxs>1</NbOfTxs></Btch><TxDtls><Amt Ccy="EUR">21568.4</Amt></TxDtls></NtryDtls></Ntry></Stmt></BkToCstmrStmt></Document>
