<?xml version='1.0' encoding='utf-8'?>
<Document xmlns="urn:iso:std:iso:20022:tech:xsd:camt.053.001.08"><BkToCstmrStmt><GrpHdr><MsgId>MSG85943600-MFLMRM</MsgId><CreDtTm>2024-05-21T19:47:14.258+03:00</CreDtTm><MsgPgntn><PgNb>2</PgNb><LastPgInd>true</LastPgInd></MsgPgntn><OrgnlBizQry><MsgId>MSG29806440-AGSUUZ</MsgId></OrgnlBizQry></GrpHdr><Stmt><Id>MSG45726329-UTKTMZ</Id><Acct><Id><Othr><Id>LT625883379695428516</Id></Othr></Id><Tp><Prtry>ATSISK</Prtry></Tp><Ccy>EUR</Ccy><Ownr><Id><OrgId><AnyBIC>DEUTBEB4NDX</AnyBIC></OrgId></Id></Ownr></Acct><Bal><Tp><CdOrPrtry><Cd>OPBD</Cd></CdOrPrtry></Tp><Amt Ccy="EUR">19443407.63</Amt><Dt><Dt>2024-05-21</Dt></Dt><Avlbty><Amt Ccy="EUR">19442407.63</Amt></Avlbty></Bal><Bal><Tp><CdOrPrtry><Cd>CLBD</Cd></CdOrPrtry></Tp><Amt Ccy="EUR">18629952.72</Amt><Dt><Dt>2024-05-21</Dt></Dt><Avlbty><Amt Ccy="EUR">18628952.72</Amt></Avlbty></Bal><Ntry><NtryRef>REF000008191558</NtryRef><Amt Ccy="EUR">84887</Amt><CdtDbtInd>DBIT</CdtDbtInd><AcctSvcrRef>REF000008203800</AcctSvcrRef><BkTxCd><Prtry><Cd>ATSISK</Cd></Prtry></BkTxCd><NtryDtls><Btch><NbOfTxs>2</NbOfTxs></Btch><TxDtls><Amt Ccy="EUR">84887</Amt></TxDtls></NtryDtls></Ntry><Ntry><NtryRef>REF000008211092</NtryRef><Amt Ccy="EUR">1529250.94</Amt><CdtDbtInd>CRDT</CdtDbtInd><AcctSvcrRef>REF000008225239</AcctSvcrRef><BkTxCd><Prtry><Cd>ATSISK</Cd></Prtry></BkTxCd><NtryDtls><Btch><NbOfTxs>93</NbOfTxs></Btch><TxDtls><Amt Ccy="EUR">1529250.94</Amt></TxDtls></NtryDtls></Ntry><Ntry><NtryRef>REF000008237512</NtryRef><Amt Ccy="EUR">4458</Amt><CdtDbtInd>DBIT</CdtDbtInd><AcctSvcrRef>REF000008243382</AcctSvcrRef><BkTxCd><Prtry><Cd>ATSISK</Cd></Prtry></BkTxCd><NtryDtls><Btch><NbOfTxs>2</NbOfTxs></Btch><TxDtls><Amt Ccy="EUR">4458</Amt></TxDtls></NtryDtls></Ntry><Ntry><NtryRef>REF000008251331</NtryRef><Amt Ccy="EUR">4784</Amt><CdtDbtInd>DBIT</CdtDbtInd><AcctSvcrRef>REF000008261748</AcctSvcrRef><BkTxCd><Prtry><Cd>ATSISK</Cd></Prtry></BkTxCd><NtryDtls><Btch><NbOfTxs>1</NbOfTxs></Btch><TxDtls><Amt Ccy="EUR">4784</Amt></TxDtls></NtryDtls></Ntry><Ntry><NtryRef>REF000008271734</NtryRef><Amt Ccy="EUR">174805.85</Amt><CdtDbtInd>DBIT</CdtDbtInd><AcctSvcrRef>REF000008289955</AcctSvcrRef><BkTxCd><Prtry><Cd>KLIRNG</Cd></Prtry></BkTxCd><NtryDtls><Btch><NbOfTxs>7</NbOfTxs></Btch><TxDtls><Amt Ccy="EUR">174805.85</Amt></TxDtls></NtryDtls></Ntry><Ntry><NtryRef>REF000008295235</NtryRef><Amt Ccy="EUR">1483128</Amt><CdtDbtInd>DBIT</CdtDbtInd><AcctSvcrRef>REF000008308309</AcctSvcrRef><BkTxCd><Prtry><Cd>ATSISK</Cd></Prtry></BkTxCd><NtryDtls><Btch><NbOfTxs>10</NbOfTxs></Btch><TxDtls><Amt Ccy="EUR">1483128</Amt></TxDtls></NtryDtls></Ntry><Ntry><NtryRef>REF000008319900</NtryRef><Amt Ccy="EUR">248740</Amt><CdtDbtInd>DBIT</CdtDbtInd><AcctSvcrRef>REF000008329124</AcctSvcrRef><BkTxCd><Prtry><Cd>ATSISK</Cd></Prtry></BkTxCd><NtryDtls><Btch><NbOfTxs>6</NbOfTxs></Btch><TxDtls><Amt Ccy="EUR">248740</Amt></TxDtls></NtryDtls></Ntry><Ntry><NtryRef>REF000008334704</NtryRef><Amt Ccy="EUR">12700</Amt><CdtDbtInd>DBIT</CdtDbtInd><AcctSvcrRef>REF000008344477</AcctSvcrRef><BkTxCd><Prtry><Cd>ATSISK</Cd></Prtry></BkTxCd><NtryDtls><Btch><NbOfTxs>1</NbOfTxs></Btch><TxDtls><Amt Ccy="EUR">12700</Amt></TxDtls></NtryDtls></Ntry><Ntry><NtryRef>REF000008357974</NtryRef><Amt Ccy="EUR">120</Amt><CdtDbtInd>CRDT</CdtDbtInd><AcctSvcrRef>REF000008364622</AcctSvcrRef><BkTxCd><Prtry><Cd>ATSISK</Cd></Prtry></BkTxCd><NtryDtls><Btch><NbOfTxs>1</NbOfTxs></Btch><TxDtls><Amt Ccy="EUR">120</Amt></TxDtls></NtryDtls></Ntry><Ntry><NtryRef>REF000008371655</NtryRef><Amt Ccy="EUR">100</Amt><CdtDbtInd>DBIT</CdtDbtInd><AcctSvcrRef>REF000008385284</AcctSvcrRef><BkTxCd><Prtry><Cd>ATSISK</Cd></Prtry></BkTxCd><NtryDtls><Btch><NbOfTxs>1</NbOfTxs></Btch><TxDtls><Amt Ccy="EUR">100</Amt></TxDtls></NtryDtls></Ntry><Ntry><NtryRef>REF000008394093</NtryRef><Amt Ccy="EUR">329223</Amt><CdtDbtInd>DBIT</CdtDbtInd><AcctSvcrRef>REF000008403955</AcctSvcrRef><BkTxCd><Prtry><Cd>ATSISK</Cd></Prtry></BkTxCd><NtryDtls><Btch><NbOfTxs>1</NbOfTxs></Btch><TxDtls><Amt Ccy="EUR">329223</Amt></TxDtls></NtryDtls></Ntry></Stmt><Stmt><Id>MSG78712622-DKHQKC</Id><Acct><Id><Othr><Id>LT414319056143772570</Id></Othr></Id><Tp><Prtry>ATSSK2</Prtry></Tp><Ccy>EUR</Ccy><Ownr><Id><OrgId><AnyBIC>DEUTBEB4NDX</AnyBIC></OrgId></Id></Ownr></Acct><Bal><Tp><CdOrPrtry><Cd>OPBD</Cd></CdOrPrtry></Tp><Amt Ccy="EUR">801.55</Amt><Dt><Dt>2024-05-21</Dt></Dt><Avlbty><Amt Ccy="EUR">801.55</Amt></Avlbty></Bal><Bal><Tp><CdOrPrtry><Cd>CLBD</Cd></CdOrPrtry></Tp><Amt Ccy="EUR">801.55</Amt><Dt><Dt>2024-05-21</Dt></Dt><Avlbty><Amt Ccy="EUR">801.55</Amt></Avlbty></Bal></Stmt></BkToCstmrStmt></Document>
