<?xml version='1.0' encoding='utf-8'?>
<Document xmlns="urn:iso:std:iso:20022:tech:xsd:camt.053.001.08"><BkToCstmrStmt><GrpHdr><MsgId>MSG85943600-MFLMRM</MsgId><CreDtTm>2024-05-31T19:48:18.105+03:00</CreDtTm><MsgPgntn><PgNb>2</PgNb><LastPgInd>true</LastPgInd></MsgPgntn><OrgnlBizQry><MsgId>MSG70751145-FKOHTT</MsgId></OrgnlBizQry></GrpHdr><Stmt><Id>MSG85826922-IOFTEE</Id><Acct><Id><Othr><Id>LT625883379695428516</Id></Othr></Id><Tp><Prtry>ATSISK</Prtry></Tp><Ccy>EUR</Ccy><Ownr><Id><OrgId><AnyBIC>DEUTBEB4NDX</AnyBIC></OrgId></Id></Ownr></Acct><Bal><Tp><CdOrPrtry><Cd>OPBD</Cd></CdOrPrtry></Tp><Amt Ccy="EUR">18261847.39</Amt><Dt><Dt>2024-05-31</Dt></Dt><Avlbty><Amt Ccy="EUR">18260847.39</Amt></Avlbty></Bal><Bal><Tp><CdOrPrtry><Cd>CLBD</Cd></CdOrPrtry></Tp><Amt Ccy="EUR">19129178.92</Amt><Dt><Dt>2024-05-31</Dt></Dt><Avlbty><Amt Ccy="EUR">19128178.92</Amt></Avlbty></Bal><Ntry><NtryRef>REF000009719665</NtryRef><Amt Ccy="EUR">1125</Amt><CdtDbtInd>DBIT</CdtDbtInd><AcctSvcrRef>REF000009726020</AcctSvcrRef><BkTxCd><Prtry><Cd>ATSISK</Cd></Prtry></BkTxCd><NtryDtls><Btch><NbOfTxs>1</NbOfTxs></Btch><TxDtls><Amt Ccy="EUR">1125</Amt></TxDtls></NtryDtls></Ntry><Ntry><NtryRef>REF000009731092</NtryRef><Amt Ccy="EUR">1247269.3</Amt><CdtDbtInd>CRDT</CdtDbtInd><AcctSvcrRef>REF000009745239</AcctSvcrRef><BkTxCd><Prtry><Cd>ATSISK</Cd></Prtry></BkTxCd><NtryDtls><Btch><NbOfTxs>144</NbOfTxs></Btch><TxDtls><Amt Ccy="EUR">1247269.3</Amt></TxDtls></NtryDtls></Ntry><Ntry><NtryRef>REF000009751331</NtryRef><Amt Ccy="EUR">614</Amt><CdtDbtInd>DBIT</CdtDbtInd><AcctSvcrRef>REF000009761748</AcctSvcrRef><BkTxCd><Prtry><Cd>ATSISK</Cd></Prtry></BkTxCd><NtryDtls><Btch><NbOfTxs>1</NbOfTxs></Btch><TxDtls><Amt Ccy="EUR">614</Amt></TxDtls></NtryDtls></Ntry><Ntry><NtryRef>REF000009771734</NtryRef><Amt Ccy="EUR">149072.77</Amt><CdtDbtInd>DBIT</CdtDbtInd><AcctSvcrRef>REF000009789955</AcctSvcrRef><BkTxCd><Prtry><Cd>KLIRNG</Cd></Prtry></BkTxCd><NtryDtls><Btch><NbOfTxs>7</NbOfTxs></Btch><TxDtls><Amt Ccy="EUR">149072.77</Amt></TxDtls></NtryDtls></Ntry><Ntry><NtryRef>REF000009795235</NtryRef><Amt Ccy="EUR">212159</Amt><CdtDbtInd>DBIT</CdtDbtInd><AcctSvcrRef>REF000009808309</AcctSvcrRef><BkTxCd><Prtry><Cd>ATSISK</Cd></Prtry></BkTxCd><NtryDtls><Btch><NbOfTxs>3</NbOfTxs></Btch><TxDtls><Amt Ccy="EUR">212159</Amt></TxDtls></NtryDtls></Ntry><Ntry><NtryRef>REF000009819900</NtryRef><Amt Ccy="EUR">2491</Amt><CdtDbtInd>DBIT</CdtDbtInd><AcctSvcrRef>REF000009829124</AcctSvcrRef><BkTxCd><Prtry><Cd>ATSISK</Cd></Prtry></BkTxCd><NtryDtls><Btch><NbOfTxs>1</NbOfTxs></Btch><TxDtls><Amt Ccy="EUR">2491</Amt></TxDtls></NtryDtls></Ntry><Ntry><NtryRef>REF000009834704</NtryRef><Amt Ccy="EUR">12000</Amt><CdtDbtInd>DBIT</CdtDbtInd><AcctSvcrRef>REF000009844477</AcctSvcrRef><BkTxCd><Prtry><Cd>ATSISK</Cd></Prtry></BkTxCd><NtryDtls><Btch><NbOfTxs>1</NbOfTxs></Btch><TxDtls><Amt Ccy="EUR">12000</Amt></TxDtls></NtryDtls></Ntry><Ntry><NtryRef>REF000009854093</NtryRef><Amt Ccy="EUR">2476</Amt><CdtDbtInd>DBIT</CdtDbtInd><AcctSvcrRef>REF000009863955</AcctSvcrRef><BkTxCd><Prtry><Cd>ATSISK</Cd></Prtry></BkTxCd><NtryDtls><Btch><NbOfTxs>1</NbOfTxs></Btch><TxDtls><Amt Ccy="EUR">2476</Amt></TxDtls></NtryDtls></Ntry></Stmt><Stmt><Id>MSG41470757-YSPBDT</Id><Acct><Id><Othr><Id>LT414319056143772570</Id></Othr></Id><Tp><Prtry>ATSSK2</Prtry></Tp><Ccy>EUR</Ccy><Ownr><Id><OrgId><AnyBIC>DEUTBEB4NDX</AnyBIC></OrgId></Id></Ownr></Acct><Bal><Tp><CdOrPrtry><Cd>OPBD</Cd></CdOrPrtry></Tp><Amt Ccy="EUR">801.55</Amt><Dt><Dt>2024-05-31</Dt></Dt><Avlbty><Amt Ccy="EUR">801.55</Amt></Avlbty></Bal><Bal><Tp><CdOrPrtry><Cd>CLBD</Cd></CdOrPrtry></Tp><Amt Ccy="EUR">801.55</Amt><Dt><Dt>2024-05-31</Dt></Dt><Avlbty><Amt Ccy="EUR">801.55</Amt></Avlbty></Bal></Stmt></BkToCstmrStmt></Document>
