<?xml version='1.0' encoding='utf-8'?>
<Document xmlns="urn:iso:std:iso:20022:tech:xsd:camt.053.001.08"><BkToCstmrStmt><GrpHdr><MsgId>MSG85943600-MFLMRM</MsgId><CreDtTm>2024-08-14T19:46:32.985+03:00</CreDtTm><MsgPgntn><PgNb>2</PgNb><LastPgInd>true</LastPgInd></MsgPgntn><OrgnlBizQry><MsgId>MSG36350294-ACQLHT</MsgId></OrgnlBizQry></GrpHdr><Stmt><Id>MSG42275601-FHQKLV</Id><Acct><Id><Othr><Id>LT414319056143772570</Id></Othr></Id><Tp><Prtry>ATSSK2</Prtry></Tp><Ccy>EUR</Ccy><Ownr><Id><OrgId><AnyBIC>DEUTBEB4NDX</AnyBIC></OrgId></Id></Ownr></Acct><Bal><Tp><CdOrPrtry><Cd>OPBD</Cd></CdOrPrtry></Tp><Amt Ccy="EUR">801.55</Amt><Dt><Dt>2024-08-14</Dt></Dt><Avlbty><Amt Ccy="EUR">801.55</Amt></Avlbty></Bal><Bal><Tp><CdOrPrtry><Cd>CLBD</Cd></CdOrPrtry></Tp><Amt Ccy="EUR">801.55</Amt><Dt><Dt>2024-08-14</Dt></Dt><Avlbty><Amt Ccy="EUR">801.55</Amt></Avlbty></Bal></Stmt><Stmt><Id>MSG42043548-YCYUZN</Id><Acct><Id><Othr><Id>LT625883379695428516</Id></Othr></Id><Tp><Prtry>ATSISK</Prtry></Tp><Ccy>EUR</Ccy><Ownr><Id><OrgId><AnyBIC>DEUTBEB4NDX</AnyBIC></OrgId></Id></Ownr></Acct><Bal><Tp><CdOrPrtry><Cd>OPBD</Cd></CdOrPrtry></Tp><Amt Ccy="EUR">16926993.21</Amt><Dt><Dt>2024-08-14</Dt></Dt><Avlbty><Amt Ccy="EUR">16925993.21</Amt></Avlbty></Bal><Bal><Tp><CdOrPrtry><Cd>CLBD</Cd></CdOrPrtry></Tp><Amt Ccy="EUR">17753940.56</Amt><Dt><Dt>2024-08-14</Dt></Dt><Avlbty><Amt Ccy="EUR">17752940.56</Amt></Avlbty></Bal><Ntry><NtryRef>REF000018211092</NtryRef><Amt Ccy="EUR">950883.05</Amt><CdtDbtInd>CRDT</CdtDbtInd><AcctSvcrRef>REF000018225239</AcctSvcrRef><BkTxCd><Prtry><Cd>ATSISK</Cd></Prtry></BkTxCd><NtryDtls><Btch><NbOfTxs>179</NbOfTxs></Btch><TxDtls><Amt Ccy="EUR">950883.05</Amt></TxDtls></NtryDtls></Ntry><Ntry><NtryRef>REF000018231734</NtryRef><Amt Ccy="EUR">137875.39</Amt><CdtDbtInd>DBIT</CdtDbtInd><AcctSvcrRef>REF000018249955</AcctSvcrRef><BkTxCd><Prtry><Cd>KLIRNG</Cd></Prtry></BkTxCd><NtryDtls><Btch><NbOfTxs>7</NbOfTxs></Btch><TxDtls><Amt Ccy="EUR">137875.39</Amt></TxDtls></NtryDtls></Ntry><Ntry><NtryRef>REF000018254704</NtryRef><Amt Ccy="EUR">19300</Amt><CdtDbtInd>DBIT</CdtDbtInd><AcctSvcrRef>REF000018264477</AcctSvcrRef><BkTxCd><Prtry><Cd>ATSISK</Cd></Prtry></BkTxCd><NtryDtls><Btch><NbOfTxs>1</NbOfTxs></Btch><TxDtls><Amt Ccy="EUR">19300</Amt></TxDtls></NtryDtls></Ntry><Ntry><NtryRef>REF000018271655</NtryRef><Amt Ccy="EUR">700</Amt><CdtDbtInd>DBIT</CdtDbtInd><AcctSvcrRef>REF000018285284</AcctSvcrRef><BkTxCd><Prtry><Cd>ATSISK</Cd></Prtry></BkTxCd><NtryDtls><Btch><NbOfTxs>1</NbOfTxs></Btch><TxDtls><Amt Ccy="EUR">700</Amt></TxDtls></NtryDtls></Ntry><Ntry><NtryRef>REF000018297078</NtryRef><Amt Ccy="EUR">2425.59</Amt><CdtDbtInd>CRDT</CdtDbtInd><AcctSvcrRef>REF000018302822</AcctSvcrRef><BkTxCd><Prtry><Cd>ATSISK</Cd></Prtry></BkTxCd><NtryDtls><Btch><NbOfTxs>1</NbOfTxs></Btch><TxDtls><Amt Ccy="EUR">2425.59</Amt></TxDtls></NtryDtls></Ntry><Ntry><NtryRef>REF000018312845</NtryRef><Amt Ccy="EUR">31514.1</Amt><CdtDbtInd>CRDT</CdtDbtInd><AcctSvcrRef>REF000018322208</AcctSvcrRef><BkTxCd><Prtry><Cd>ATSISK</Cd></Prtry></BkTxCd><NtryDtls><Btch><NbOfTxs>1</NbOfTxs></Btch><TxDtls><Amt Ccy="EUR">31514.1</Amt></TxDtls></NtryDtls></Ntry></Stmt></BkToCstmrStmt></Document>
