<?xml version='1.0' encoding='utf-8'?>
<Document xmlns="urn:iso:std:iso:20022:tech:xsd:camt.053.001.08"><BkToCstmrStmt><GrpHdr><MsgId>MSG85943600-MFLMRM</MsgId><CreDtTm>2024-05-07T19:47:20.235+03:00</CreDtTm><MsgPgntn><PgNb>2</PgNb><LastPgInd>true</LastPgInd></MsgPgntn><OrgnlBizQry><MsgId>MSG68636507-STYESV</MsgId></OrgnlBizQry></GrpHdr><Stmt><Id>MSG31271858-YETXIK</Id><Acct><Id><Othr><Id>LT625883379695428516</Id></Othr></Id><Tp><Prtry>ATSISK</Prtry></Tp><Ccy>EUR</Ccy><Ownr><Id><OrgId><AnyBIC>DEUTBEB4NDX</AnyBIC></OrgId></Id></Ownr></Acct><Bal><Tp><CdOrPrtry><Cd>OPBD</Cd></CdOrPrtry></Tp><Amt Ccy="EUR">19158133.75</Amt><Dt><Dt>2024-05-07</Dt></Dt><Avlbty><Amt Ccy="EUR">19157133.75</Amt></Avlbty></Bal><Bal><Tp><CdOrPrtry><Cd>CLBD</Cd></CdOrPrtry></Tp><Amt Ccy="EUR">17741515.12</Amt><Dt><Dt>2024-05-07</Dt></Dt><Avlbty><Amt Ccy="EUR">17740515.12</Amt></Avlbty></Bal><Ntry><NtryRef>REF000006571092</NtryRef><Amt Ccy="EUR">847565.37</Amt><CdtDbtInd>CRDT</CdtDbtInd><AcctSvcrRef>REF000006585239</AcctSvcrRef><BkTxCd><Prtry><Cd>ATSISK</Cd></Prtry></BkTxCd><NtryDtls><Btch><NbOfTxs>216</NbOfTxs></Btch><TxDtls><Amt Ccy="EUR">847565.37</Amt></TxDtls></NtryDtls></Ntry><Ntry><NtryRef>REF000006595416</NtryRef><Amt Ccy="EUR">750</Amt><CdtDbtInd>DBIT</CdtDbtInd><AcctSvcrRef>REF000006608257</AcctSvcrRef><BkTxCd><Prtry><Cd>ATSISK</Cd></Prtry></BkTxCd><NtryDtls><Btch><NbOfTxs>1</NbOfTxs></Btch><TxDtls><Amt Ccy="EUR">750</Amt></TxDtls></NtryDtls></Ntry><Ntry><NtryRef>REF000006611734</NtryRef><Amt Ccy="EUR">2143861.23</Amt><CdtDbtInd>DBIT</CdtDbtInd><AcctSvcrRef>REF000006629955</AcctSvcrRef><BkTxCd><Prtry><Cd>KLIRNG</Cd></Prtry></BkTxCd><NtryDtls><Btch><NbOfTxs>6</NbOfTxs></Btch><TxDtls><Amt Ccy="EUR">2143861.23</Amt></TxDtls></NtryDtls></Ntry><Ntry><NtryRef>REF000006635235</NtryRef><Amt Ccy="EUR">208143.59</Amt><CdtDbtInd>DBIT</CdtDbtInd><AcctSvcrRef>REF000006648309</AcctSvcrRef><BkTxCd><Prtry><Cd>ATSISK</Cd></Prtry></BkTxCd><NtryDtls><Btch><NbOfTxs>1</NbOfTxs></Btch><TxDtls><Amt Ccy="EUR">208143.59</Amt></TxDtls></NtryDtls></Ntry><Ntry><NtryRef>REF000006656776</NtryRef><Amt Ccy="EUR">200</Amt><CdtDbtInd>CRDT</CdtDbtInd><AcctSvcrRef>REF000006664080</AcctSvcrRef><BkTxCd><Prtry><Cd>ATSISK</Cd></Prtry></BkTxCd><NtryDtls><Btch><NbOfTxs>1</NbOfTxs></Btch><TxDtls><Amt Ccy="EUR">200</Amt></TxDtls></NtryDtls></Ntry><Ntry><NtryRef>REF000006671655</NtryRef><Amt Ccy="EUR">124370.82</Amt><CdtDbtInd>CRDT</CdtDbtInd><AcctSvcrRef>REF000006685284</AcctSvcrRef><BkTxCd><Prtry><Cd>ATSISK</Cd></Prtry></BkTxCd><NtryDtls><Btch><NbOfTxs>1</NbOfTxs></Btch><TxDtls><Amt Ccy="EUR">124370.82</Amt></TxDtls></NtryDtls></Ntry><Ntry><NtryRef>REF000006691655</NtryRef><Amt Ccy="EUR">36000</Amt><CdtDbtInd>DBIT</CdtDbtInd><AcctSvcrRef>REF000006705284</AcctSvcrRef><BkTxCd><Prtry><Cd>ATSISK</Cd></Prtry></BkTxCd><NtryDtls><Btch><NbOfTxs>1</NbOfTxs></Btch><TxDtls><Amt Ccy="EUR">36000</Amt></TxDtls></NtryDtls></Ntry></Stmt><Stmt><Id>MSG13843040-MTXCLM</Id><Acct><Id><Othr><Id>LT414319056143772570</Id></Othr></Id><Tp><Prtry>ATSSK2</Prtry></Tp><Ccy>EUR</Ccy><Ownr><Id><OrgId><AnyBIC>DEUTBEB4NDX</AnyBIC></OrgId></Id></Ownr></Acct><Bal><Tp><CdOrPrtry><Cd>OPBD</Cd></CdOrPrtry></Tp><Amt Ccy="EUR">801.55</Amt><Dt><Dt>2024-05-07</Dt></Dt><Avlbty><Amt Ccy="EUR">801.55</Amt></Avlbty></Bal><Bal><Tp><CdOrPrtry><Cd>CLBD</Cd></CdOrPrtry></Tp><Amt Ccy="EUR">801.55</Amt><Dt><Dt>2024-05-07</Dt></Dt><Avlbty><Amt Ccy="EUR">801.55</Amt></Avlbty></Bal></Stmt></BkToCstmrStmt></Document>
