<?xml version='1.0' encoding='utf-8'?>
<Document xmlns="urn:iso:std:iso:20022:tech:xsd:camt.053.001.08"><BkToCstmrStmt><GrpHdr><MsgId>MSG85943600-MFLMRM</MsgId><CreDtTm>2024-09-04T19:47:20.856+03:00</CreDtTm><MsgPgntn><PgNb>1</PgNb><LastPgInd>true</LastPgInd></MsgPgntn><OrgnlBizQry><MsgId>MSG14391092-OZIFCY</MsgId></OrgnlBizQry></GrpHdr><Stmt><Id>MSG77632243-KDTUIN</Id><Acct><Id><Othr><Id>LT625883379695428516</Id></Othr></Id><Tp><Prtry>ATSISK</Prtry></Tp><Ccy>EUR</Ccy><Ownr><Id><OrgId><AnyBIC>DEUTBEB4NDX</AnyBIC></OrgId></Id></Ownr></Acct><Bal><Tp><CdOrPrtry><Cd>OPBD</Cd></CdOrPrtry></Tp><Amt Ccy="EUR">16292529.02</Amt><Dt><Dt>2024-09-04</Dt></Dt><Avlbty><Amt Ccy="EUR">16291529.02</Amt></Avlbty></Bal><Bal><Tp><CdOrPrtry><Cd>CLBD</Cd></CdOrPrtry></Tp><Amt Ccy="EUR">17220406.19</Amt><Dt><Dt>2024-09-04</Dt></Dt><Avlbty><Amt Ccy="EUR">17219406.19</Amt></Avlbty></Bal><Ntry><NtryRef>REF000020431558</NtryRef><Amt Ccy="EUR">6638</Amt><CdtDbtInd>DBIT</CdtDbtInd><AcctSvcrRef>REF000020443800</AcctSvcrRef><BkTxCd><Prtry><Cd>ATSISK</Cd></Prtry></BkTxCd><NtryDtls><Btch><NbOfTxs>1</NbOfTxs></Btch><TxDtls><Amt Ccy="EUR">6638</Amt></TxDtls></NtryDtls></Ntry><Ntry><NtryRef>REF000020458280</NtryRef><Amt Ccy="EUR">450</Amt><CdtDbtInd>CRDT</CdtDbtInd><AcctSvcrRef>REF000020461452</AcctSvcrRef><BkTxCd><Prtry><Cd>ATSISK</Cd></Prtry></BkTxCd><NtryDtls><Btch><NbOfTxs>1</NbOfTxs></Btch><TxDtls><Amt Ccy="EUR">450</Amt></TxDtls></NtryDtls></Ntry><Ntry><NtryRef>REF000020471092</NtryRef><Amt Ccy="EUR">1278905.33</Amt><CdtDbtInd>CRDT</CdtDbtInd><AcctSvcrRef>REF000020485239</AcctSvcrRef><BkTxCd><Prtry><Cd>ATSISK</Cd></Prtry></BkTxCd><NtryDtls><Btch><NbOfTxs>179</NbOfTxs></Btch><TxDtls><Amt Ccy="EUR">1278905.33</Amt></TxDtls></NtryDtls></Ntry><Ntry><NtryRef>REF000020491734</NtryRef><Amt Ccy="EUR">155172.16</Amt><CdtDbtInd>DBIT</CdtDbtInd><AcctSvcrRef>REF000020509955</AcctSvcrRef><BkTxCd><Prtry><Cd>KLIRNG</Cd></Prtry></BkTxCd><NtryDtls><Btch><NbOfTxs>7</NbOfTxs></Btch><TxDtls><Amt Ccy="EUR">155172.16</Amt></TxDtls></NtryDtls></Ntry><Ntry><NtryRef>REF000020515235</NtryRef><Amt Ccy="EUR">161340</Amt><CdtDbtInd>DBIT</CdtDbtInd><AcctSvcrRef>REF000020528309</AcctSvcrRef><BkTxCd><Prtry><Cd>ATSISK</Cd></Prtry></BkTxCd><NtryDtls><Btch><NbOfTxs>8</NbOfTxs></Btch><TxDtls><Amt Ccy="EUR">161340</Amt></TxDtls></NtryDtls></Ntry><Ntry><NtryRef>REF000020539900</NtryRef><Amt Ccy="EUR">112665</Amt><CdtDbtInd>DBIT</CdtDbtInd><AcctSvcrRef>REF000020549124</AcctSvcrRef><BkTxCd><Prtry><Cd>ATSISK</Cd></Prtry></BkTxCd><NtryDtls><Btch><NbOfTxs>4</NbOfTxs></Btch><TxDtls><Amt Ccy="EUR">112665</Amt></TxDtls></NtryDtls></Ntry><Ntry><NtryRef>REF000020554704</NtryRef><Amt Ccy="EUR">4768</Amt><CdtDbtInd>DBIT</CdtDbtInd><AcctSvcrRef>REF000020564477</AcctSvcrRef><BkTxCd><Prtry><Cd>ATSISK</Cd></Prtry></BkTxCd><NtryDtls><Btch><NbOfTxs>1</NbOfTxs></Btch><TxDtls><Amt Ccy="EUR">4768</Amt></TxDtls></NtryDtls></Ntry><Ntry><NtryRef>REF000020571655</NtryRef><Amt Ccy="EUR">415</Amt><CdtDbtInd>DBIT</CdtDbtInd><AcctSvcrRef>REF000020585284</AcctSvcrRef><BkTxCd><Prtry><Cd>ATSISK</Cd></Prtry></BkTxCd><NtryDtls><Btch><NbOfTxs>1</NbOfTxs></Btch><TxDtls><Amt Ccy="EUR">415</Amt></TxDtls></NtryDtls></Ntry><Ntry><NtryRef>REF000020597243</NtryRef><Amt Ccy="EUR">89520</Amt><CdtDbtInd>CRDT</CdtDbtInd><AcctSvcrRef>REF000020606477</AcctSvcrRef><BkTxCd><Prtry><Cd>ATSISK</Cd></Prtry></BkTxCd><NtryDtls><Btch><NbOfTxs>1</NbOfTxs></Btch><TxDtls><Amt Ccy="EUR">89520</Amt></TxDtls></NtryDtls></Ntry></Stmt></BkToCstmrStmt></Document>
