<?xml version='1.0' encoding='utf-8'?>
<Document xmlns="urn:iso:std:iso:20022:tech:xsd:camt.053.001.08"><BkToCstmrStmt><GrpHdr><MsgId>MSG85943600-MFLMRM</MsgId><CreDtTm>2024-07-23T20:01:30.479+03:00</CreDtTm><MsgPgntn><PgNb>2</PgNb><LastPgInd>true</LastPgInd></MsgPgntn><OrgnlBizQry><MsgId>MSG52166511-DNCEDP</MsgId></OrgnlBizQry></GrpHdr><Stmt><Id>MSG35836190-ZTSTFF</Id><Acct><Id><Othr><Id>LT414319056143772570</Id></Othr></Id><Tp><Prtry>ATSSK2</Prtry></Tp><Ccy>EUR</Ccy><Ownr><Id><OrgId><AnyBIC>DEUTBEB4NDX</AnyBIC></OrgId></Id></Ownr></Acct><Bal><Tp><CdOrPrtry><Cd>OPBD</Cd></CdOrPrtry></Tp><Amt Ccy="EUR">801.55</Amt><Dt><Dt>2024-07-23</Dt></Dt><Avlbty><Amt Ccy="EUR">801.55</Amt></Avlbty></Bal><Bal><Tp><CdOrPrtry><Cd>CLBD</Cd></CdOrPrtry></Tp><Amt Ccy="EUR">801.55</Amt><Dt><Dt>2024-07-23</Dt></Dt><Avlbty><Amt Ccy="EUR">801.55</Amt></Avlbty></Bal></Stmt><Stmt><Id>MSG48924143-HJPTKL</Id><Acct><Id><Othr><Id>LT625883379695428516</Id></Othr></Id><Tp><Prtry>ATSISK</Prtry></Tp><Ccy>EUR</Ccy><Ownr><Id><OrgId><AnyBIC>DEUTBEB4NDX</AnyBIC></OrgId></Id></Ownr></Acct><Bal><Tp><CdOrPrtry><Cd>OPBD</Cd></CdOrPrtry></Tp><Amt Ccy="EUR">15256336.31</Amt><Dt><Dt>2024-07-23</Dt></Dt><Avlbty><Amt Ccy="EUR">15255336.31</Amt></Avlbty></Bal><Bal><Tp><CdOrPrtry><Cd>CLBD</Cd></CdOrPrtry></Tp><Amt Ccy="EUR">15249450.09</Amt><Dt><Dt>2024-07-23</Dt></Dt><Avlbty><Amt Ccy="EUR">15248450.09</Amt></Avlbty></Bal><Ntry><NtryRef>REF000015698280</NtryRef><Amt Ccy="EUR">1884.96</Amt><CdtDbtInd>CRDT</CdtDbtInd><AcctSvcrRef>REF000015701452</AcctSvcrRef><BkTxCd><Prtry><Cd>ATSISK</Cd></Prtry></BkTxCd><NtryDtls><Btch><NbOfTxs>1</NbOfTxs></Btch><TxDtls><Amt Ccy="EUR">1884.96</Amt></TxDtls></NtryDtls></Ntry><Ntry><NtryRef>REF000015711092</NtryRef><Amt Ccy="EUR">344282.07</Amt><CdtDbtInd>CRDT</CdtDbtInd><AcctSvcrRef>REF000015725239</AcctSvcrRef><BkTxCd><Prtry><Cd>ATSISK</Cd></Prtry></BkTxCd><NtryDtls><Btch><NbOfTxs>188</NbOfTxs></Btch><TxDtls><Amt Ccy="EUR">344282.07</Amt></TxDtls></NtryDtls></Ntry><Ntry><NtryRef>REF000015731734</NtryRef><Amt Ccy="EUR">211313.25</Amt><CdtDbtInd>DBIT</CdtDbtInd><AcctSvcrRef>REF000015749955</AcctSvcrRef><BkTxCd><Prtry><Cd>KLIRNG</Cd></Prtry></BkTxCd><NtryDtls><Btch><NbOfTxs>7</NbOfTxs></Btch><TxDtls><Amt Ccy="EUR">211313.25</Amt></TxDtls></NtryDtls></Ntry><Ntry><NtryRef>REF000015755235</NtryRef><Amt Ccy="EUR">21500</Amt><CdtDbtInd>DBIT</CdtDbtInd><AcctSvcrRef>REF000015768309</AcctSvcrRef><BkTxCd><Prtry><Cd>ATSISK</Cd></Prtry></BkTxCd><NtryDtls><Btch><NbOfTxs>1</NbOfTxs></Btch><TxDtls><Amt Ccy="EUR">21500</Amt></TxDtls></NtryDtls></Ntry><Ntry><NtryRef>REF000015779900</NtryRef><Amt Ccy="EUR">84540</Amt><CdtDbtInd>DBIT</CdtDbtInd><AcctSvcrRef>REF000015789124</AcctSvcrRef><BkTxCd><Prtry><Cd>ATSISK</Cd></Prtry></BkTxCd><NtryDtls><Btch><NbOfTxs>2</NbOfTxs></Btch><TxDtls><Amt Ccy="EUR">84540</Amt></TxDtls></NtryDtls></Ntry><Ntry><NtryRef>REF000015794704</NtryRef><Amt Ccy="EUR">34000</Amt><CdtDbtInd>DBIT</CdtDbtInd><AcctSvcrRef>REF000015804477</AcctSvcrRef><BkTxCd><Prtry><Cd>ATSISK</Cd></Prtry></BkTxCd><NtryDtls><Btch><NbOfTxs>1</NbOfTxs></Btch><TxDtls><Amt Ccy="EUR">34000</Amt></TxDtls></NtryDtls></Ntry><Ntry><NtryRef>REF000015811655</NtryRef><Amt Ccy="EUR">1700</Amt><CdtDbtInd>DBIT</CdtDbtInd><AcctSvcrRef>REF000015825284</AcctSvcrRef><BkTxCd><Prtry><Cd>ATSISK</Cd></Prtry></BkTxCd><NtryDtls><Btch><NbOfTxs>1</NbOfTxs></Btch><TxDtls><Amt Ccy="EUR">1700</Amt></TxDtls></NtryDtls></Ntry></Stmt></BkToCstmrStmt></Document>
