<?xml version='1.0' encoding='utf-8'?>
<Document xmlns="urn:iso:std:iso:20022:tech:xsd:camt.053.001.08"><BkToCstmrStmt><GrpHdr><MsgId>MSG85943600-MFLMRM</MsgId><CreDtTm>2024-10-02T19:45:20.916+03:00</CreDtTm><MsgPgntn><PgNb>1</PgNb><LastPgInd>true</LastPgInd></MsgPgntn><OrgnlBizQry><MsgId>MSG47125188-LILAWI</MsgId></OrgnlBizQry></GrpHdr><Stmt><Id>MSG20728279-ECLEIX</Id><Acct><Id><Othr><Id>LT625883379695428516</Id></Othr></Id><Tp><Prtry>ATSISK</Prtry></Tp><Ccy>EUR</Ccy><Ownr><Id><OrgId><AnyBIC>DEUTBEB4NDX</AnyBIC></OrgId></Id></Ownr></Acct><Bal><Tp><CdOrPrtry><Cd>OPBD</Cd></CdOrPrtry></Tp><Amt Ccy="EUR">21329785.55</Amt><Dt><Dt>2024-10-02</Dt></Dt><Avlbty><Amt Ccy="EUR">21328785.55</Amt></Avlbty></Bal><Bal><Tp><CdOrPrtry><Cd>CLBD</Cd></CdOrPrtry></Tp><Amt Ccy="EUR">21130980.85</Amt><Dt><Dt>2024-10-02</Dt></Dt><Avlbty><Amt Ccy="EUR">21129980.85</Amt></Avlbty></Bal><Ntry><NtryRef>REF000023877264</NtryRef><Amt Ccy="EUR">2180.18</Amt><CdtDbtInd>CRDT</CdtDbtInd><AcctSvcrRef>REF000023886646</AcctSvcrRef><BkTxCd><Prtry><Cd>ATSISK</Cd></Prtry></BkTxCd><NtryDtls><Btch><NbOfTxs>1</NbOfTxs></Btch><TxDtls><Amt Ccy="EUR">2180.18</Amt></TxDtls></NtryDtls></Ntry><Ntry><NtryRef>REF000023897264</NtryRef><Amt Ccy="EUR">300</Amt><CdtDbtInd>DBIT</CdtDbtInd><AcctSvcrRef>REF000023906646</AcctSvcrRef><BkTxCd><Prtry><Cd>ATSISK</Cd></Prtry></BkTxCd><NtryDtls><Btch><NbOfTxs>1</NbOfTxs></Btch><TxDtls><Amt Ccy="EUR">300</Amt></TxDtls></NtryDtls></Ntry><Ntry><NtryRef>REF000023918280</NtryRef><Amt Ccy="EUR">100</Amt><CdtDbtInd>CRDT</CdtDbtInd><AcctSvcrRef>REF000023921452</AcctSvcrRef><BkTxCd><Prtry><Cd>ATSISK</Cd></Prtry></BkTxCd><NtryDtls><Btch><NbOfTxs>1</NbOfTxs></Btch><TxDtls><Amt Ccy="EUR">100</Amt></TxDtls></NtryDtls></Ntry><Ntry><NtryRef>REF000023931092</NtryRef><Amt Ccy="EUR">2016962.79</Amt><CdtDbtInd>CRDT</CdtDbtInd><AcctSvcrRef>REF000023945239</AcctSvcrRef><BkTxCd><Prtry><Cd>ATSISK</Cd></Prtry></BkTxCd><NtryDtls><Btch><NbOfTxs>531</NbOfTxs></Btch><TxDtls><Amt Ccy="EUR">2016962.79</Amt></TxDtls></NtryDtls></Ntry><Ntry><NtryRef>REF000023951734</NtryRef><Amt Ccy="EUR">590035.03</Amt><CdtDbtInd>DBIT</CdtDbtInd><AcctSvcrRef>REF000023969955</AcctSvcrRef><BkTxCd><Prtry><Cd>KLIRNG</Cd></Prtry></BkTxCd><NtryDtls><Btch><NbOfTxs>7</NbOfTxs></Btch><TxDtls><Amt Ccy="EUR">590035.03</Amt></TxDtls></NtryDtls></Ntry><Ntry><NtryRef>REF000023975235</NtryRef><Amt Ccy="EUR">1613756.95</Amt><CdtDbtInd>DBIT</CdtDbtInd><AcctSvcrRef>REF000023988309</AcctSvcrRef><BkTxCd><Prtry><Cd>ATSISK</Cd></Prtry></BkTxCd><NtryDtls><Btch><NbOfTxs>3</NbOfTxs></Btch><TxDtls><Amt Ccy="EUR">1613756.95</Amt></TxDtls></NtryDtls></Ntry><Ntry><NtryRef>REF000023999900</NtryRef><Amt Ccy="EUR">13138</Amt><CdtDbtInd>DBIT</CdtDbtInd><AcctSvcrRef>REF000024009124</AcctSvcrRef><BkTxCd><Prtry><Cd>ATSISK</Cd></Prtry></BkTxCd><NtryDtls><Btch><NbOfTxs>2</NbOfTxs></Btch><TxDtls><Amt Ccy="EUR">13138</Amt></TxDtls></NtryDtls></Ntry><Ntry><NtryRef>REF000024011655</NtryRef><Amt Ccy="EUR">102.08</Amt><CdtDbtInd>CRDT</CdtDbtInd><AcctSvcrRef>REF000024025284</AcctSvcrRef><BkTxCd><Prtry><Cd>ATSISK</Cd></Prtry></BkTxCd><NtryDtls><Btch><NbOfTxs>3</NbOfTxs></Btch><TxDtls><Amt Ccy="EUR">102.08</Amt></TxDtls></NtryDtls></Ntry><Ntry><NtryRef>REF000024031655</NtryRef><Amt Ccy="EUR">1256.08</Amt><CdtDbtInd>DBIT</CdtDbtInd><AcctSvcrRef>REF000024045284</AcctSvcrRef><BkTxCd><Prtry><Cd>ATSISK</Cd></Prtry></BkTxCd><NtryDtls><Btch><NbOfTxs>2</NbOfTxs></Btch><TxDtls><Amt Ccy="EUR">1256.08</Amt></TxDtls></NtryDtls></Ntry><Ntry><NtryRef>REF000024056345</NtryRef><Amt Ccy="EUR">336.31</Amt><CdtDbtInd>CRDT</CdtDbtInd><AcctSvcrRef>REF000024063156</AcctSvcrRef><BkTxCd><Prtry><Cd>ATSISK</Cd></Prtry></BkTxCd><NtryDtls><Btch><NbOfTxs>1</NbOfTxs></Btch><TxDtls><Amt Ccy="EUR">336.31</Amt></TxDtls></NtryDtls></Ntry></Stmt></BkToCstmrStmt></Document>
