<?xml version='1.0' encoding='utf-8'?>
<Document xmlns="urn:iso:std:iso:20022:tech:xsd:camt.053.001.08"><BkToCstmrStmt><GrpHdr><MsgId>MSG85943600-MFLMRM</MsgId><CreDtTm>2024-09-09T19:48:30.580+03:00</CreDtTm><MsgPgntn><PgNb>1</PgNb><LastPgInd>true</LastPgInd></MsgPgntn><OrgnlBizQry><MsgId>MSG92821230-XNKKWI</MsgId></OrgnlBizQry></GrpHdr><Stmt><Id>MSG27690077-ZQVIEI</Id><Acct><Id><Othr><Id>LT625883379695428516</Id></Othr></Id><Tp><Prtry>ATSISK</Prtry></Tp><Ccy>EUR</Ccy><Ownr><Id><OrgId><AnyBIC>DEUTBEB4NDX</AnyBIC></OrgId></Id></Ownr></Acct><Bal><Tp><CdOrPrtry><Cd>OPBD</Cd></CdOrPrtry></Tp><Amt Ccy="EUR">20149316.33</Amt><Dt><Dt>2024-09-09</Dt></Dt><Avlbty><Amt Ccy="EUR">20148316.33</Amt></Avlbty></Bal><Bal><Tp><CdOrPrtry><Cd>CLBD</Cd></CdOrPrtry></Tp><Amt Ccy="EUR">18880179.81</Amt><Dt><Dt>2024-09-09</Dt></Dt><Avlbty><Amt Ccy="EUR">18879179.81</Amt></Avlbty></Bal><Ntry><NtryRef>REF000020831558</NtryRef><Amt Ccy="EUR">22970</Amt><CdtDbtInd>DBIT</CdtDbtInd><AcctSvcrRef>REF000020843800</AcctSvcrRef><BkTxCd><Prtry><Cd>ATSISK</Cd></Prtry></BkTxCd><NtryDtls><Btch><NbOfTxs>1</NbOfTxs></Btch><TxDtls><Amt Ccy="EUR">22970</Amt></TxDtls></NtryDtls></Ntry><Ntry><NtryRef>REF000020858280</NtryRef><Amt Ccy="EUR">409178.14</Amt><CdtDbtInd>CRDT</CdtDbtInd><AcctSvcrRef>REF000020861452</AcctSvcrRef><BkTxCd><Prtry><Cd>ATSISK</Cd></Prtry></BkTxCd><NtryDtls><Btch><NbOfTxs>4</NbOfTxs></Btch><TxDtls><Amt Ccy="EUR">409178.14</Amt></TxDtls></NtryDtls></Ntry><Ntry><NtryRef>REF000020871092</NtryRef><Amt Ccy="EUR">982055.49</Amt><CdtDbtInd>CRDT</CdtDbtInd><AcctSvcrRef>REF000020885239</AcctSvcrRef><BkTxCd><Prtry><Cd>ATSISK</Cd></Prtry></BkTxCd><NtryDtls><Btch><NbOfTxs>285</NbOfTxs></Btch><TxDtls><Amt Ccy="EUR">982055.49</Amt></TxDtls></NtryDtls></Ntry><Ntry><NtryRef>REF000020891734</NtryRef><Amt Ccy="EUR">648358.81</Amt><CdtDbtInd>DBIT</CdtDbtInd><AcctSvcrRef>REF000020909955</AcctSvcrRef><BkTxCd><Prtry><Cd>KLIRNG</Cd></Prtry></BkTxCd><NtryDtls><Btch><NbOfTxs>8</NbOfTxs></Btch><TxDtls><Amt Ccy="EUR">648358.81</Amt></TxDtls></NtryDtls></Ntry><Ntry><NtryRef>REF000020915235</NtryRef><Amt Ccy="EUR">1977399.03</Amt><CdtDbtInd>DBIT</CdtDbtInd><AcctSvcrRef>REF000020928309</AcctSvcrRef><BkTxCd><Prtry><Cd>ATSISK</Cd></Prtry></BkTxCd><NtryDtls><Btch><NbOfTxs>5</NbOfTxs></Btch><TxDtls><Amt Ccy="EUR">1977399.03</Amt></TxDtls></NtryDtls></Ntry><Ntry><NtryRef>REF000020934815</NtryRef><Amt Ccy="EUR">10</Amt><CdtDbtInd>DBIT</CdtDbtInd><AcctSvcrRef>REF000020942595</AcctSvcrRef><BkTxCd><Prtry><Cd>ATSISK</Cd></Prtry></BkTxCd><NtryDtls><Btch><NbOfTxs>1</NbOfTxs></Btch><TxDtls><Amt Ccy="EUR">10</Amt></TxDtls></NtryDtls></Ntry><Ntry><NtryRef>REF000020959900</NtryRef><Amt Ccy="EUR">23861</Amt><CdtDbtInd>DBIT</CdtDbtInd><AcctSvcrRef>REF000020969124</AcctSvcrRef><BkTxCd><Prtry><Cd>ATSISK</Cd></Prtry></BkTxCd><NtryDtls><Btch><NbOfTxs>2</NbOfTxs></Btch><TxDtls><Amt Ccy="EUR">23861</Amt></TxDtls></NtryDtls></Ntry><Ntry><NtryRef>REF000020973697</NtryRef><Amt Ccy="EUR">12371.69</Amt><CdtDbtInd>CRDT</CdtDbtInd><AcctSvcrRef>REF000020982611</AcctSvcrRef><BkTxCd><Prtry><Cd>ATSISK</Cd></Prtry></BkTxCd><NtryDtls><Btch><NbOfTxs>1</NbOfTxs></Btch><TxDtls><Amt Ccy="EUR">12371.69</Amt></TxDtls></NtryDtls></Ntry><Ntry><NtryRef>REF000020991655</NtryRef><Amt Ccy="EUR">143</Amt><CdtDbtInd>DBIT</CdtDbtInd><AcctSvcrRef>REF000021005284</AcctSvcrRef><BkTxCd><Prtry><Cd>ATSISK</Cd></Prtry></BkTxCd><NtryDtls><Btch><NbOfTxs>2</NbOfTxs></Btch><TxDtls><Amt Ccy="EUR">143</Amt></TxDtls></NtryDtls></Ntry></Stmt></BkToCstmrStmt></Document>
