<?xml version='1.0' encoding='utf-8'?>
<Document xmlns="urn:iso:std:iso:20022:tech:xsd:camt.053.001.08"><BkToCstmrStmt><GrpHdr><MsgId>MSG85943600-MFLMRM</MsgId><CreDtTm>2024-08-21T19:47:24.014+03:00</CreDtTm><MsgPgntn><PgNb>2</PgNb><LastPgInd>true</LastPgInd></MsgPgntn><OrgnlBizQry><MsgId>MSG46006706-GONTPL</MsgId></OrgnlBizQry></GrpHdr><Stmt><Id>MSG97918557-TGEQYZ</Id><Acct><Id><Othr><Id>LT414319056143772570</Id></Othr></Id><Tp><Prtry>ATSSK2</Prtry></Tp><Ccy>EUR</Ccy><Ownr><Id><OrgId><AnyBIC>DEUTBEB4NDX</AnyBIC></OrgId></Id></Ownr></Acct><Bal><Tp><CdOrPrtry><Cd>OPBD</Cd></CdOrPrtry></Tp><Amt Ccy="EUR">801.55</Amt><Dt><Dt>2024-08-21</Dt></Dt><Avlbty><Amt Ccy="EUR">801.55</Amt></Avlbty></Bal><Bal><Tp><CdOrPrtry><Cd>CLBD</Cd></CdOrPrtry></Tp><Amt Ccy="EUR">801.55</Amt><Dt><Dt>2024-08-21</Dt></Dt><Avlbty><Amt Ccy="EUR">801.55</Amt></Avlbty></Bal></Stmt><Stmt><Id>MSG39047787-MYTIGG</Id><Acct><Id><Othr><Id>LT625883379695428516</Id></Othr></Id><Tp><Prtry>ATSISK</Prtry></Tp><Ccy>EUR</Ccy><Ownr><Id><OrgId><AnyBIC>DEUTBEB4NDX</AnyBIC></OrgId></Id></Ownr></Acct><Bal><Tp><CdOrPrtry><Cd>OPBD</Cd></CdOrPrtry></Tp><Amt Ccy="EUR">16697194.97</Amt><Dt><Dt>2024-08-21</Dt></Dt><Avlbty><Amt Ccy="EUR">16696194.97</Amt></Avlbty></Bal><Bal><Tp><CdOrPrtry><Cd>CLBD</Cd></CdOrPrtry></Tp><Amt Ccy="EUR">15987490.33</Amt><Dt><Dt>2024-08-21</Dt></Dt><Avlbty><Amt Ccy="EUR">15986490.33</Amt></Avlbty></Bal><Ntry><NtryRef>REF000018871092</NtryRef><Amt Ccy="EUR">1822827.15</Amt><CdtDbtInd>CRDT</CdtDbtInd><AcctSvcrRef>REF000018885239</AcctSvcrRef><BkTxCd><Prtry><Cd>ATSISK</Cd></Prtry></BkTxCd><NtryDtls><Btch><NbOfTxs>144</NbOfTxs></Btch><TxDtls><Amt Ccy="EUR">1822827.15</Amt></TxDtls></NtryDtls></Ntry><Ntry><NtryRef>REF000018891092</NtryRef><Amt Ccy="EUR">684</Amt><CdtDbtInd>DBIT</CdtDbtInd><AcctSvcrRef>REF000018905239</AcctSvcrRef><BkTxCd><Prtry><Cd>ATSISK</Cd></Prtry></BkTxCd><NtryDtls><Btch><NbOfTxs>1</NbOfTxs></Btch><TxDtls><Amt Ccy="EUR">684</Amt></TxDtls></NtryDtls></Ntry><Ntry><NtryRef>REF000018918851</NtryRef><Amt Ccy="EUR">559.02</Amt><CdtDbtInd>DBIT</CdtDbtInd><AcctSvcrRef>REF000018921558</AcctSvcrRef><BkTxCd><Prtry><Cd>ATSISK</Cd></Prtry></BkTxCd><NtryDtls><Btch><NbOfTxs>1</NbOfTxs></Btch><TxDtls><Amt Ccy="EUR">559.02</Amt></TxDtls></NtryDtls></Ntry><Ntry><NtryRef>REF000018931734</NtryRef><Amt Ccy="EUR">2540358.47</Amt><CdtDbtInd>DBIT</CdtDbtInd><AcctSvcrRef>REF000018949955</AcctSvcrRef><BkTxCd><Prtry><Cd>KLIRNG</Cd></Prtry></BkTxCd><NtryDtls><Btch><NbOfTxs>7</NbOfTxs></Btch><TxDtls><Amt Ccy="EUR">2540358.47</Amt></TxDtls></NtryDtls></Ntry><Ntry><NtryRef>REF000018954704</NtryRef><Amt Ccy="EUR">13400</Amt><CdtDbtInd>DBIT</CdtDbtInd><AcctSvcrRef>REF000018964477</AcctSvcrRef><BkTxCd><Prtry><Cd>ATSISK</Cd></Prtry></BkTxCd><NtryDtls><Btch><NbOfTxs>1</NbOfTxs></Btch><TxDtls><Amt Ccy="EUR">13400</Amt></TxDtls></NtryDtls></Ntry><Ntry><NtryRef>REF000018977974</NtryRef><Amt Ccy="EUR">50</Amt><CdtDbtInd>DBIT</CdtDbtInd><AcctSvcrRef>REF000018984622</AcctSvcrRef><BkTxCd><Prtry><Cd>ATSISK</Cd></Prtry></BkTxCd><NtryDtls><Btch><NbOfTxs>1</NbOfTxs></Btch><TxDtls><Amt Ccy="EUR">50</Amt></TxDtls></NtryDtls></Ntry><Ntry><NtryRef>REF000018991655</NtryRef><Amt Ccy="EUR">20</Amt><CdtDbtInd>DBIT</CdtDbtInd><AcctSvcrRef>REF000019005284</AcctSvcrRef><BkTxCd><Prtry><Cd>ATSISK</Cd></Prtry></BkTxCd><NtryDtls><Btch><NbOfTxs>1</NbOfTxs></Btch><TxDtls><Amt Ccy="EUR">20</Amt></TxDtls></NtryDtls></Ntry><Ntry><NtryRef>REF000019014093</NtryRef><Amt Ccy="EUR">22539.7</Amt><CdtDbtInd>CRDT</CdtDbtInd><AcctSvcrRef>REF000019023955</AcctSvcrRef><BkTxCd><Prtry><Cd>ATSISK</Cd></Prtry></BkTxCd><NtryDtls><Btch><NbOfTxs>1</NbOfTxs></Btch><TxDtls><Amt Ccy="EUR">22539.7</Amt></TxDtls></NtryDtls></Ntry></Stmt></BkToCstmrStmt></Document>
