<?xml version='1.0' encoding='utf-8'?>
<Document xmlns="urn:iso:std:iso:20022:tech:xsd:camt.053.001.08"><BkToCstmrStmt><GrpHdr><MsgId>MSG85943600-MFLMRM</MsgId><CreDtTm>2024-06-11T21:02:10.607+03:00</CreDtTm><MsgPgntn><PgNb>2</PgNb><LastPgInd>true</LastPgInd></MsgPgntn><OrgnlBizQry><MsgId>MSG65948940-UTVTOP</MsgId></OrgnlBizQry></GrpHdr><Stmt><Id>MSG72273728-YIEJIM</Id><Acct><Id><Othr><Id>LT625883379695428516</Id></Othr></Id><Tp><Prtry>ATSISK</Prtry></Tp><Ccy>EUR</Ccy><Ownr><Id><OrgId><AnyBIC>DEUTBEB4NDX</AnyBIC></OrgId></Id></Ownr></Acct><Bal><Tp><CdOrPrtry><Cd>OPBD</Cd></CdOrPrtry></Tp><Amt Ccy="EUR">16896616</Amt><Dt><Dt>2024-06-11</Dt></Dt><Avlbty><Amt Ccy="EUR">16895616</Amt></Avlbty></Bal><Bal><Tp><CdOrPrtry><Cd>CLBD</Cd></CdOrPrtry></Tp><Amt Ccy="EUR">18645719.91</Amt><Dt><Dt>2024-06-11</Dt></Dt><Avlbty><Amt Ccy="EUR">18644719.91</Amt></Avlbty></Bal><Ntry><NtryRef>REF000010799665</NtryRef><Amt Ccy="EUR">816</Amt><CdtDbtInd>DBIT</CdtDbtInd><AcctSvcrRef>REF000010806020</AcctSvcrRef><BkTxCd><Prtry><Cd>ATSISK</Cd></Prtry></BkTxCd><NtryDtls><Btch><NbOfTxs>1</NbOfTxs></Btch><TxDtls><Amt Ccy="EUR">816</Amt></TxDtls></NtryDtls></Ntry><Ntry><NtryRef>REF000010811092</NtryRef><Amt Ccy="EUR">898598.72</Amt><CdtDbtInd>CRDT</CdtDbtInd><AcctSvcrRef>REF000010825239</AcctSvcrRef><BkTxCd><Prtry><Cd>ATSISK</Cd></Prtry></BkTxCd><NtryDtls><Btch><NbOfTxs>205</NbOfTxs></Btch><TxDtls><Amt Ccy="EUR">898598.72</Amt></TxDtls></NtryDtls></Ntry><Ntry><NtryRef>REF000010831331</NtryRef><Amt Ccy="EUR">134524</Amt><CdtDbtInd>DBIT</CdtDbtInd><AcctSvcrRef>REF000010841748</AcctSvcrRef><BkTxCd><Prtry><Cd>ATSISK</Cd></Prtry></BkTxCd><NtryDtls><Btch><NbOfTxs>2</NbOfTxs></Btch><TxDtls><Amt Ccy="EUR">134524</Amt></TxDtls></NtryDtls></Ntry><Ntry><NtryRef>REF000010851734</NtryRef><Amt Ccy="EUR">446559.92</Amt><CdtDbtInd>DBIT</CdtDbtInd><AcctSvcrRef>REF000010869955</AcctSvcrRef><BkTxCd><Prtry><Cd>KLIRNG</Cd></Prtry></BkTxCd><NtryDtls><Btch><NbOfTxs>7</NbOfTxs></Btch><TxDtls><Amt Ccy="EUR">446559.92</Amt></TxDtls></NtryDtls></Ntry><Ntry><NtryRef>REF000010875235</NtryRef><Amt Ccy="EUR">4419</Amt><CdtDbtInd>DBIT</CdtDbtInd><AcctSvcrRef>REF000010888309</AcctSvcrRef><BkTxCd><Prtry><Cd>ATSISK</Cd></Prtry></BkTxCd><NtryDtls><Btch><NbOfTxs>1</NbOfTxs></Btch><TxDtls><Amt Ccy="EUR">4419</Amt></TxDtls></NtryDtls></Ntry><Ntry><NtryRef>REF000010899900</NtryRef><Amt Ccy="EUR">216110.89</Amt><CdtDbtInd>DBIT</CdtDbtInd><AcctSvcrRef>REF000010909124</AcctSvcrRef><BkTxCd><Prtry><Cd>ATSISK</Cd></Prtry></BkTxCd><NtryDtls><Btch><NbOfTxs>2</NbOfTxs></Btch><TxDtls><Amt Ccy="EUR">216110.89</Amt></TxDtls></NtryDtls></Ntry><Ntry><NtryRef>REF000010913697</NtryRef><Amt Ccy="EUR">9</Amt><CdtDbtInd>CRDT</CdtDbtInd><AcctSvcrRef>REF000010922611</AcctSvcrRef><BkTxCd><Prtry><Cd>ATSISK</Cd></Prtry></BkTxCd><NtryDtls><Btch><NbOfTxs>2</NbOfTxs></Btch><TxDtls><Amt Ccy="EUR">9</Amt></TxDtls></NtryDtls></Ntry><Ntry><NtryRef>REF000010936002</NtryRef><Amt Ccy="EUR">1674293</Amt><CdtDbtInd>CRDT</CdtDbtInd><AcctSvcrRef>REF000010949457</AcctSvcrRef><BkTxCd><Prtry><Cd>ATSISK</Cd></Prtry></BkTxCd><NtryDtls><Btch><NbOfTxs>1</NbOfTxs></Btch><TxDtls><Amt Ccy="EUR">1674293</Amt></TxDtls></NtryDtls></Ntry><Ntry><NtryRef>REF000010956776</NtryRef><Amt Ccy="EUR">4</Amt><CdtDbtInd>CRDT</CdtDbtInd><AcctSvcrRef>REF000010964080</AcctSvcrRef><BkTxCd><Prtry><Cd>ATSISK</Cd></Prtry></BkTxCd><NtryDtls><Btch><NbOfTxs>1</NbOfTxs></Btch><TxDtls><Amt Ccy="EUR">4</Amt></TxDtls></NtryDtls></Ntry><Ntry><NtryRef>REF000010974704</NtryRef><Amt Ccy="EUR">18000</Amt><CdtDbtInd>DBIT</CdtDbtInd><AcctSvcrRef>REF000010984477</AcctSvcrRef><BkTxCd><Prtry><Cd>ATSISK</Cd></Prtry></BkTxCd><NtryDtls><Btch><NbOfTxs>1</NbOfTxs></Btch><TxDtls><Amt Ccy="EUR">18000</Amt></TxDtls></NtryDtls></Ntry><Ntry><NtryRef>REF000010994093</NtryRef><Amt Ccy="EUR">3371</Amt><CdtDbtInd>DBIT</CdtDbtInd><AcctSvcrRef>REF000011003955</AcctSvcrRef><BkTxCd><Prtry><Cd>ATSISK</Cd></Prtry></BkTxCd><NtryDtls><Btch><NbOfTxs>1</NbOfTxs></Btch><TxDtls><Amt Ccy="EUR">3371</Amt></TxDtls></NtryDtls></Ntry></Stmt><Stmt><Id>MSG72084835-HHCABN</Id><Acct><Id><Othr><Id>LT414319056143772570</Id></Othr></Id><Tp><Prtry>ATSSK2</Prtry></Tp><Ccy>EUR</Ccy><Ownr><Id><OrgId><AnyBIC>DEUTBEB4NDX</AnyBIC></OrgId></Id></Ownr></Acct><Bal><Tp><CdOrPrtry><Cd>OPBD</Cd></CdOrPrtry></Tp><Amt Ccy="EUR">801.55</Amt><Dt><Dt>2024-06-11</Dt></Dt><Avlbty><Amt Ccy="EUR">801.55</Amt></Avlbty></Bal><Bal><Tp><CdOrPrtry><Cd>CLBD</Cd></CdOrPrtry></Tp><Amt Ccy="EUR">801.55</Amt><Dt><Dt>2024-06-11</Dt></Dt><Avlbty><Amt Ccy="EUR">801.55</Amt></Avlbty></Bal></Stmt></BkToCstmrStmt></Document>
