<?xml version='1.0' encoding='utf-8'?>
<Document xmlns="urn:iso:std:iso:20022:tech:xsd:camt.053.001.08"><BkToCstmrStmt><GrpHdr><MsgId>MSG85943600-MFLMRM</MsgId><CreDtTm>2024-07-26T19:47:18.417+03:00</CreDtTm><MsgPgntn><PgNb>2</PgNb><LastPgInd>true</LastPgInd></MsgPgntn><OrgnlBizQry><MsgId>MSG73987560-JVDBNW</MsgId></OrgnlBizQry></GrpHdr><Stmt><Id>MSG44331572-LCTQWY</Id><Acct><Id><Othr><Id>LT414319056143772570</Id></Othr></Id><Tp><Prtry>ATSSK2</Prtry></Tp><Ccy>EUR</Ccy><Ownr><Id><OrgId><AnyBIC>DEUTBEB4NDX</AnyBIC></OrgId></Id></Ownr></Acct><Bal><Tp><CdOrPrtry><Cd>OPBD</Cd></CdOrPrtry></Tp><Amt Ccy="EUR">801.55</Amt><Dt><Dt>2024-07-26</Dt></Dt><Avlbty><Amt Ccy="EUR">801.55</Amt></Avlbty></Bal><Bal><Tp><CdOrPrtry><Cd>CLBD</Cd></CdOrPrtry></Tp><Amt Ccy="EUR">801.55</Amt><Dt><Dt>2024-07-26</Dt></Dt><Avlbty><Amt Ccy="EUR">801.55</Amt></Avlbty></Bal></Stmt><Stmt><Id>MSG78624102-BVKGOB</Id><Acct><Id><Othr><Id>LT625883379695428516</Id></Othr></Id><Tp><Prtry>ATSISK</Prtry></Tp><Ccy>EUR</Ccy><Ownr><Id><OrgId><AnyBIC>DEUTBEB4NDX</AnyBIC></OrgId></Id></Ownr></Acct><Bal><Tp><CdOrPrtry><Cd>OPBD</Cd></CdOrPrtry></Tp><Amt Ccy="EUR">15630722.21</Amt><Dt><Dt>2024-07-26</Dt></Dt><Avlbty><Amt Ccy="EUR">15629722.21</Amt></Avlbty></Bal><Bal><Tp><CdOrPrtry><Cd>CLBD</Cd></CdOrPrtry></Tp><Amt Ccy="EUR">17068900.82</Amt><Dt><Dt>2024-07-26</Dt></Dt><Avlbty><Amt Ccy="EUR">17067900.82</Amt></Avlbty></Bal><Ntry><NtryRef>REF000016031092</NtryRef><Amt Ccy="EUR">1691834.39</Amt><CdtDbtInd>CRDT</CdtDbtInd><AcctSvcrRef>REF000016045239</AcctSvcrRef><BkTxCd><Prtry><Cd>ATSISK</Cd></Prtry></BkTxCd><NtryDtls><Btch><NbOfTxs>149</NbOfTxs></Btch><TxDtls><Amt Ccy="EUR">1691834.39</Amt></TxDtls></NtryDtls></Ntry><Ntry><NtryRef>REF000016051734</NtryRef><Amt Ccy="EUR">141194.25</Amt><CdtDbtInd>DBIT</CdtDbtInd><AcctSvcrRef>REF000016069955</AcctSvcrRef><BkTxCd><Prtry><Cd>KLIRNG</Cd></Prtry></BkTxCd><NtryDtls><Btch><NbOfTxs>7</NbOfTxs></Btch><TxDtls><Amt Ccy="EUR">141194.25</Amt></TxDtls></NtryDtls></Ntry><Ntry><NtryRef>REF000016075235</NtryRef><Amt Ccy="EUR">103223.14</Amt><CdtDbtInd>DBIT</CdtDbtInd><AcctSvcrRef>REF000016088309</AcctSvcrRef><BkTxCd><Prtry><Cd>ATSISK</Cd></Prtry></BkTxCd><NtryDtls><Btch><NbOfTxs>1</NbOfTxs></Btch><TxDtls><Amt Ccy="EUR">103223.14</Amt></TxDtls></NtryDtls></Ntry><Ntry><NtryRef>REF000016093697</NtryRef><Amt Ccy="EUR">12762.61</Amt><CdtDbtInd>CRDT</CdtDbtInd><AcctSvcrRef>REF000016102611</AcctSvcrRef><BkTxCd><Prtry><Cd>ATSISK</Cd></Prtry></BkTxCd><NtryDtls><Btch><NbOfTxs>1</NbOfTxs></Btch><TxDtls><Amt Ccy="EUR">12762.61</Amt></TxDtls></NtryDtls></Ntry><Ntry><NtryRef>REF000016114704</NtryRef><Amt Ccy="EUR">22000</Amt><CdtDbtInd>DBIT</CdtDbtInd><AcctSvcrRef>REF000016124477</AcctSvcrRef><BkTxCd><Prtry><Cd>ATSISK</Cd></Prtry></BkTxCd><NtryDtls><Btch><NbOfTxs>1</NbOfTxs></Btch><TxDtls><Amt Ccy="EUR">22000</Amt></TxDtls></NtryDtls></Ntry><Ntry><NtryRef>REF000016131655</NtryRef><Amt Ccy="EUR">1</Amt><CdtDbtInd>DBIT</CdtDbtInd><AcctSvcrRef>REF000016145284</AcctSvcrRef><BkTxCd><Prtry><Cd>ATSISK</Cd></Prtry></BkTxCd><NtryDtls><Btch><NbOfTxs>1</NbOfTxs></Btch><TxDtls><Amt Ccy="EUR">1</Amt></TxDtls></NtryDtls></Ntry></Stmt></BkToCstmrStmt></Document>
