<?xml version='1.0' encoding='utf-8'?>
<Document xmlns="urn:iso:std:iso:20022:tech:xsd:camt.053.001.08"><BkToCstmrStmt><GrpHdr><MsgId>MSG85943600-MFLMRM</MsgId><CreDtTm>2024-09-16T19:49:21.219+03:00</CreDtTm><MsgPgntn><PgNb>1</PgNb><LastPgInd>true</LastPgInd></MsgPgntn><OrgnlBizQry><MsgId>MSG60403133-EBCCHK</MsgId></OrgnlBizQry></GrpHdr><Stmt><Id>MSG95502155-XKGQFQ</Id><Acct><Id><Othr><Id>LT625883379695428516</Id></Othr></Id><Tp><Prtry>ATSISK</Prtry></Tp><Ccy>EUR</Ccy><Ownr><Id><OrgId><AnyBIC>DEUTBEB4NDX</AnyBIC></OrgId></Id></Ownr></Acct><Bal><Tp><CdOrPrtry><Cd>OPBD</Cd></CdOrPrtry></Tp><Amt Ccy="EUR">19813519.81</Amt><Dt><Dt>2024-09-16</Dt></Dt><Avlbty><Amt Ccy="EUR">19812519.81</Amt></Avlbty></Bal><Bal><Tp><CdOrPrtry><Cd>CLBD</Cd></CdOrPrtry></Tp><Amt Ccy="EUR">20238755.93</Amt><Dt><Dt>2024-09-16</Dt></Dt><Avlbty><Amt Ccy="EUR">20237755.93</Amt></Avlbty></Bal><Ntry><NtryRef>REF000021711558</NtryRef><Amt Ccy="EUR">9248</Amt><CdtDbtInd>DBIT</CdtDbtInd><AcctSvcrRef>REF000021723800</AcctSvcrRef><BkTxCd><Prtry><Cd>ATSISK</Cd></Prtry></BkTxCd><NtryDtls><Btch><NbOfTxs>1</NbOfTxs></Btch><TxDtls><Amt Ccy="EUR">9248</Amt></TxDtls></NtryDtls></Ntry><Ntry><NtryRef>REF000021738280</NtryRef><Amt Ccy="EUR">597718.56</Amt><CdtDbtInd>CRDT</CdtDbtInd><AcctSvcrRef>REF000021741452</AcctSvcrRef><BkTxCd><Prtry><Cd>ATSISK</Cd></Prtry></BkTxCd><NtryDtls><Btch><NbOfTxs>1</NbOfTxs></Btch><TxDtls><Amt Ccy="EUR">597718.56</Amt></TxDtls></NtryDtls></Ntry><Ntry><NtryRef>REF000021751092</NtryRef><Amt Ccy="EUR">399453.02</Amt><CdtDbtInd>CRDT</CdtDbtInd><AcctSvcrRef>REF000021765239</AcctSvcrRef><BkTxCd><Prtry><Cd>ATSISK</Cd></Prtry></BkTxCd><NtryDtls><Btch><NbOfTxs>237</NbOfTxs></Btch><TxDtls><Amt Ccy="EUR">399453.02</Amt></TxDtls></NtryDtls></Ntry><Ntry><NtryRef>REF000021778025</NtryRef><Amt Ccy="EUR">100</Amt><CdtDbtInd>DBIT</CdtDbtInd><AcctSvcrRef>REF000021783704</AcctSvcrRef><BkTxCd><Prtry><Cd>ATSISK</Cd></Prtry></BkTxCd><NtryDtls><Btch><NbOfTxs>1</NbOfTxs></Btch><TxDtls><Amt Ccy="EUR">100</Amt></TxDtls></NtryDtls></Ntry><Ntry><NtryRef>REF000021798851</NtryRef><Amt Ccy="EUR">559.02</Amt><CdtDbtInd>DBIT</CdtDbtInd><AcctSvcrRef>REF000021801558</AcctSvcrRef><BkTxCd><Prtry><Cd>ATSISK</Cd></Prtry></BkTxCd><NtryDtls><Btch><NbOfTxs>1</NbOfTxs></Btch><TxDtls><Amt Ccy="EUR">559.02</Amt></TxDtls></NtryDtls></Ntry><Ntry><NtryRef>REF000021811734</NtryRef><Amt Ccy="EUR">536999.44</Amt><CdtDbtInd>DBIT</CdtDbtInd><AcctSvcrRef>REF000021829955</AcctSvcrRef><BkTxCd><Prtry><Cd>KLIRNG</Cd></Prtry></BkTxCd><NtryDtls><Btch><NbOfTxs>8</NbOfTxs></Btch><TxDtls><Amt Ccy="EUR">536999.44</Amt></TxDtls></NtryDtls></Ntry><Ntry><NtryRef>REF000021835235</NtryRef><Amt Ccy="EUR">33093</Amt><CdtDbtInd>DBIT</CdtDbtInd><AcctSvcrRef>REF000021848309</AcctSvcrRef><BkTxCd><Prtry><Cd>ATSISK</Cd></Prtry></BkTxCd><NtryDtls><Btch><NbOfTxs>3</NbOfTxs></Btch><TxDtls><Amt Ccy="EUR">33093</Amt></TxDtls></NtryDtls></Ntry><Ntry><NtryRef>REF000021859900</NtryRef><Amt Ccy="EUR">16234</Amt><CdtDbtInd>DBIT</CdtDbtInd><AcctSvcrRef>REF000021869124</AcctSvcrRef><BkTxCd><Prtry><Cd>ATSISK</Cd></Prtry></BkTxCd><NtryDtls><Btch><NbOfTxs>2</NbOfTxs></Btch><TxDtls><Amt Ccy="EUR">16234</Amt></TxDtls></NtryDtls></Ntry><Ntry><NtryRef>REF000021879344</NtryRef><Amt Ccy="EUR">25000</Amt><CdtDbtInd>CRDT</CdtDbtInd><AcctSvcrRef>REF000021881099</AcctSvcrRef><BkTxCd><Prtry><Cd>ATSISK</Cd></Prtry></BkTxCd><NtryDtls><Btch><NbOfTxs>1</NbOfTxs></Btch><TxDtls><Amt Ccy="EUR">25000</Amt></TxDtls></NtryDtls></Ntry><Ntry><NtryRef>REF000021891655</NtryRef><Amt Ccy="EUR">702</Amt><CdtDbtInd>DBIT</CdtDbtInd><AcctSvcrRef>REF000021905284</AcctSvcrRef><BkTxCd><Prtry><Cd>ATSISK</Cd></Prtry></BkTxCd><NtryDtls><Btch><NbOfTxs>2</NbOfTxs></Btch><TxDtls><Amt Ccy="EUR">702</Amt></TxDtls></NtryDtls></Ntry></Stmt></BkToCstmrStmt></Document>
