<?xml version='1.0' encoding='utf-8'?>
<Document xmlns="urn:iso:std:iso:20022:tech:xsd:camt.053.001.08"><BkToCstmrStmt><GrpHdr><MsgId>MSG85943600-MFLMRM</MsgId><CreDtTm>2024-10-10T19:47:33.564+03:00</CreDtTm><MsgPgntn><PgNb>1</PgNb><LastPgInd>true</LastPgInd></MsgPgntn><OrgnlBizQry><MsgId>MSG21921981-BRVTEA</MsgId></OrgnlBizQry></GrpHdr><Stmt><Id>MSG20227792-WPVPJW</Id><Acct><Id><Othr><Id>LT625883379695428516</Id></Othr></Id><Tp><Prtry>ATSISK</Prtry></Tp><Ccy>EUR</Ccy><Ownr><Id><OrgId><AnyBIC>DEUTBEB4NDX</AnyBIC></OrgId></Id></Ownr></Acct><Bal><Tp><CdOrPrtry><Cd>OPBD</Cd></CdOrPrtry></Tp><Amt Ccy="EUR">18550731.56</Amt><Dt><Dt>2024-10-10</Dt></Dt><Avlbty><Amt Ccy="EUR">18549731.56</Amt></Avlbty></Bal><Bal><Tp><CdOrPrtry><Cd>CLBD</Cd></CdOrPrtry></Tp><Amt Ccy="EUR">17945632.22</Amt><Dt><Dt>2024-10-10</Dt></Dt><Avlbty><Amt Ccy="EUR">17944632.22</Amt></Avlbty></Bal><Ntry><NtryRef>REF000025071558</NtryRef><Amt Ccy="EUR">4267</Amt><CdtDbtInd>CRDT</CdtDbtInd><AcctSvcrRef>REF000025083800</AcctSvcrRef><BkTxCd><Prtry><Cd>ATSISK</Cd></Prtry></BkTxCd><NtryDtls><Btch><NbOfTxs>2</NbOfTxs></Btch><TxDtls><Amt Ccy="EUR">4267</Amt></TxDtls></NtryDtls></Ntry><Ntry><NtryRef>REF000025091092</NtryRef><Amt Ccy="EUR">1240575.7</Amt><CdtDbtInd>CRDT</CdtDbtInd><AcctSvcrRef>REF000025105239</AcctSvcrRef><BkTxCd><Prtry><Cd>ATSISK</Cd></Prtry></BkTxCd><NtryDtls><Btch><NbOfTxs>257</NbOfTxs></Btch><TxDtls><Amt Ccy="EUR">1240575.7</Amt></TxDtls></NtryDtls></Ntry><Ntry><NtryRef>REF000025118227</NtryRef><Amt Ccy="EUR">72467.71</Amt><CdtDbtInd>DBIT</CdtDbtInd><AcctSvcrRef>REF000025122605</AcctSvcrRef><BkTxCd><Prtry><Cd>ATSISK</Cd></Prtry></BkTxCd><NtryDtls><Btch><NbOfTxs>1</NbOfTxs></Btch><TxDtls><Amt Ccy="EUR">72467.71</Amt></TxDtls></NtryDtls></Ntry><Ntry><NtryRef>REF000025137493</NtryRef><Amt Ccy="EUR">13</Amt><CdtDbtInd>CRDT</CdtDbtInd><AcctSvcrRef>REF000025142081</AcctSvcrRef><BkTxCd><Prtry><Cd>ATSISK</Cd></Prtry></BkTxCd><NtryDtls><Btch><NbOfTxs>13</NbOfTxs></Btch><TxDtls><Amt Ccy="EUR">13</Amt></TxDtls></NtryDtls></Ntry><Ntry><NtryRef>REF000025151734</NtryRef><Amt Ccy="EUR">1517906.43</Amt><CdtDbtInd>DBIT</CdtDbtInd><AcctSvcrRef>REF000025169955</AcctSvcrRef><BkTxCd><Prtry><Cd>KLIRNG</Cd></Prtry></BkTxCd><NtryDtls><Btch><NbOfTxs>6</NbOfTxs></Btch><TxDtls><Amt Ccy="EUR">1517906.43</Amt></TxDtls></NtryDtls></Ntry><Ntry><NtryRef>REF000025175235</NtryRef><Amt Ccy="EUR">212200.43</Amt><CdtDbtInd>DBIT</CdtDbtInd><AcctSvcrRef>REF000025188309</AcctSvcrRef><BkTxCd><Prtry><Cd>ATSISK</Cd></Prtry></BkTxCd><NtryDtls><Btch><NbOfTxs>2</NbOfTxs></Btch><TxDtls><Amt Ccy="EUR">212200.43</Amt></TxDtls></NtryDtls></Ntry><Ntry><NtryRef>REF000025199900</NtryRef><Amt Ccy="EUR">45166.47</Amt><CdtDbtInd>DBIT</CdtDbtInd><AcctSvcrRef>REF000025209124</AcctSvcrRef><BkTxCd><Prtry><Cd>ATSISK</Cd></Prtry></BkTxCd><NtryDtls><Btch><NbOfTxs>2</NbOfTxs></Btch><TxDtls><Amt Ccy="EUR">45166.47</Amt></TxDtls></NtryDtls></Ntry><Ntry><NtryRef>REF000025211655</NtryRef><Amt Ccy="EUR">2214</Amt><CdtDbtInd>DBIT</CdtDbtInd><AcctSvcrRef>REF000025225284</AcctSvcrRef><BkTxCd><Prtry><Cd>ATSISK</Cd></Prtry></BkTxCd><NtryDtls><Btch><NbOfTxs>4</NbOfTxs></Btch><TxDtls><Amt Ccy="EUR">2214</Amt></TxDtls></NtryDtls></Ntry></Stmt></BkToCstmrStmt></Document>
