<?xml version='1.0' encoding='utf-8'?>
<Document xmlns="urn:iso:std:iso:20022:tech:xsd:camt.053.001.08"><BkToCstmrStmt><GrpHdr><MsgId>MSG85943600-MFLMRM</MsgId><CreDtTm>2024-10-04T19:47:18.259+03:00</CreDtTm><MsgPgntn><PgNb>1</PgNb><LastPgInd>true</LastPgInd></MsgPgntn><OrgnlBizQry><MsgId>MSG12242077-IFULSB</MsgId></OrgnlBizQry></GrpHdr><Stmt><Id>MSG23481805-ISIDWF</Id><Acct><Id><Othr><Id>LT625883379695428516</Id></Othr></Id><Tp><Prtry>ATSISK</Prtry></Tp><Ccy>EUR</Ccy><Ownr><Id><OrgId><AnyBIC>DEUTBEB4NDX</AnyBIC></OrgId></Id></Ownr></Acct><Bal><Tp><CdOrPrtry><Cd>OPBD</Cd></CdOrPrtry></Tp><Amt Ccy="EUR">21594421.63</Amt><Dt><Dt>2024-10-04</Dt></Dt><Avlbty><Amt Ccy="EUR">21593421.63</Amt></Avlbty></Bal><Bal><Tp><CdOrPrtry><Cd>CLBD</Cd></CdOrPrtry></Tp><Amt Ccy="EUR">20648765.62</Amt><Dt><Dt>2024-10-04</Dt></Dt><Avlbty><Amt Ccy="EUR">20647765.62</Amt></Avlbty></Bal><Ntry><NtryRef>REF000024271558</NtryRef><Amt Ccy="EUR">47743</Amt><CdtDbtInd>DBIT</CdtDbtInd><AcctSvcrRef>REF000024283800</AcctSvcrRef><BkTxCd><Prtry><Cd>ATSISK</Cd></Prtry></BkTxCd><NtryDtls><Btch><NbOfTxs>3</NbOfTxs></Btch><TxDtls><Amt Ccy="EUR">47743</Amt></TxDtls></NtryDtls></Ntry><Ntry><NtryRef>REF000024293248</NtryRef><Amt Ccy="EUR">5000</Amt><CdtDbtInd>DBIT</CdtDbtInd><AcctSvcrRef>REF000024306048</AcctSvcrRef><BkTxCd><Prtry><Cd>ATSISK</Cd></Prtry></BkTxCd><NtryDtls><Btch><NbOfTxs>2</NbOfTxs></Btch><TxDtls><Amt Ccy="EUR">5000</Amt></TxDtls></NtryDtls></Ntry><Ntry><NtryRef>REF000024311092</NtryRef><Amt Ccy="EUR">1442571.72</Amt><CdtDbtInd>CRDT</CdtDbtInd><AcctSvcrRef>REF000024325239</AcctSvcrRef><BkTxCd><Prtry><Cd>ATSISK</Cd></Prtry></BkTxCd><NtryDtls><Btch><NbOfTxs>393</NbOfTxs></Btch><TxDtls><Amt Ccy="EUR">1442571.72</Amt></TxDtls></NtryDtls></Ntry><Ntry><NtryRef>REF000024339163</NtryRef><Amt Ccy="EUR">374215.18</Amt><CdtDbtInd>CRDT</CdtDbtInd><AcctSvcrRef>REF000024348816</AcctSvcrRef><BkTxCd><Prtry><Cd>ATSISK</Cd></Prtry></BkTxCd><NtryDtls><Btch><NbOfTxs>1</NbOfTxs></Btch><TxDtls><Amt Ccy="EUR">374215.18</Amt></TxDtls></NtryDtls></Ntry><Ntry><NtryRef>REF000024351734</NtryRef><Amt Ccy="EUR">305285.31</Amt><CdtDbtInd>DBIT</CdtDbtInd><AcctSvcrRef>REF000024369955</AcctSvcrRef><BkTxCd><Prtry><Cd>KLIRNG</Cd></Prtry></BkTxCd><NtryDtls><Btch><NbOfTxs>7</NbOfTxs></Btch><TxDtls><Amt Ccy="EUR">305285.31</Amt></TxDtls></NtryDtls></Ntry><Ntry><NtryRef>REF000024375235</NtryRef><Amt Ccy="EUR">1966890.65</Amt><CdtDbtInd>DBIT</CdtDbtInd><AcctSvcrRef>REF000024388309</AcctSvcrRef><BkTxCd><Prtry><Cd>ATSISK</Cd></Prtry></BkTxCd><NtryDtls><Btch><NbOfTxs>10</NbOfTxs></Btch><TxDtls><Amt Ccy="EUR">1966890.65</Amt></TxDtls></NtryDtls></Ntry><Ntry><NtryRef>REF000024399900</NtryRef><Amt Ccy="EUR">24329</Amt><CdtDbtInd>DBIT</CdtDbtInd><AcctSvcrRef>REF000024409124</AcctSvcrRef><BkTxCd><Prtry><Cd>ATSISK</Cd></Prtry></BkTxCd><NtryDtls><Btch><NbOfTxs>3</NbOfTxs></Btch><TxDtls><Amt Ccy="EUR">24329</Amt></TxDtls></NtryDtls></Ntry><Ntry><NtryRef>REF000024413697</NtryRef><Amt Ccy="EUR">13588.76</Amt><CdtDbtInd>CRDT</CdtDbtInd><AcctSvcrRef>REF000024422611</AcctSvcrRef><BkTxCd><Prtry><Cd>ATSISK</Cd></Prtry></BkTxCd><NtryDtls><Btch><NbOfTxs>1</NbOfTxs></Btch><TxDtls><Amt Ccy="EUR">13588.76</Amt></TxDtls></NtryDtls></Ntry><Ntry><NtryRef>REF000024434704</NtryRef><Amt Ccy="EUR">424173</Amt><CdtDbtInd>DBIT</CdtDbtInd><AcctSvcrRef>REF000024444477</AcctSvcrRef><BkTxCd><Prtry><Cd>ATSISK</Cd></Prtry></BkTxCd><NtryDtls><Btch><NbOfTxs>4</NbOfTxs></Btch><TxDtls><Amt Ccy="EUR">424173</Amt></TxDtls></NtryDtls></Ntry><Ntry><NtryRef>REF000024451655</NtryRef><Amt Ccy="EUR">3110.71</Amt><CdtDbtInd>DBIT</CdtDbtInd><AcctSvcrRef>REF000024465284</AcctSvcrRef><BkTxCd><Prtry><Cd>ATSISK</Cd></Prtry></BkTxCd><NtryDtls><Btch><NbOfTxs>5</NbOfTxs></Btch><TxDtls><Amt Ccy="EUR">3110.71</Amt></TxDtls></NtryDtls></Ntry><Ntry><NtryRef>REF000024472845</NtryRef><Amt Ccy="EUR">500</Amt><CdtDbtInd>CRDT</CdtDbtInd><AcctSvcrRef>REF000024482208</AcctSvcrRef><BkTxCd><Prtry><Cd>ATSISK</Cd></Prtry></BkTxCd><NtryDtls><Btch><NbOfTxs>1</NbOfTxs></Btch><TxDtls><Amt Ccy="EUR">500</Amt></TxDtls></NtryDtls></Ntry></Stmt></BkToCstmrStmt></Document>
