<?xml version='1.0' encoding='utf-8'?>
<Document xmlns="urn:iso:std:iso:20022:tech:xsd:camt.053.001.08"><BkToCstmrStmt><GrpHdr><MsgId>MSG85943600-MFLMRM</MsgId><CreDtTm>2024-08-13T19:47:21.825+03:00</CreDtTm><MsgPgntn><PgNb>2</PgNb><LastPgInd>true</LastPgInd></MsgPgntn><OrgnlBizQry><MsgId>MSG11699201-KKQDVR</MsgId></OrgnlBizQry></GrpHdr><Stmt><Id>MSG37659694-OIEECK</Id><Acct><Id><Othr><Id>LT414319056143772570</Id></Othr></Id><Tp><Prtry>ATSSK2</Prtry></Tp><Ccy>EUR</Ccy><Ownr><Id><OrgId><AnyBIC>DEUTBEB4NDX</AnyBIC></OrgId></Id></Ownr></Acct><Bal><Tp><CdOrPrtry><Cd>OPBD</Cd></CdOrPrtry></Tp><Amt Ccy="EUR">801.55</Amt><Dt><Dt>2024-08-13</Dt></Dt><Avlbty><Amt Ccy="EUR">801.55</Amt></Avlbty></Bal><Bal><Tp><CdOrPrtry><Cd>CLBD</Cd></CdOrPrtry></Tp><Amt Ccy="EUR">801.55</Amt><Dt><Dt>2024-08-13</Dt></Dt><Avlbty><Amt Ccy="EUR">801.55</Amt></Avlbty></Bal></Stmt><Stmt><Id>MSG26483192-YBVQTN</Id><Acct><Id><Othr><Id>LT625883379695428516</Id></Othr></Id><Tp><Prtry>ATSISK</Prtry></Tp><Ccy>EUR</Ccy><Ownr><Id><OrgId><AnyBIC>DEUTBEB4NDX</AnyBIC></OrgId></Id></Ownr></Acct><Bal><Tp><CdOrPrtry><Cd>OPBD</Cd></CdOrPrtry></Tp><Amt Ccy="EUR">17003085.32</Amt><Dt><Dt>2024-08-13</Dt></Dt><Avlbty><Amt Ccy="EUR">17002085.32</Amt></Avlbty></Bal><Bal><Tp><CdOrPrtry><Cd>CLBD</Cd></CdOrPrtry></Tp><Amt Ccy="EUR">16926993.21</Amt><Dt><Dt>2024-08-13</Dt></Dt><Avlbty><Amt Ccy="EUR">16925993.21</Amt></Avlbty></Bal><Ntry><NtryRef>REF000017971558</NtryRef><Amt Ccy="EUR">3881</Amt><CdtDbtInd>DBIT</CdtDbtInd><AcctSvcrRef>REF000017983800</AcctSvcrRef><BkTxCd><Prtry><Cd>ATSISK</Cd></Prtry></BkTxCd><NtryDtls><Btch><NbOfTxs>1</NbOfTxs></Btch><TxDtls><Amt Ccy="EUR">3881</Amt></TxDtls></NtryDtls></Ntry><Ntry><NtryRef>REF000017997264</NtryRef><Amt Ccy="EUR">3000</Amt><CdtDbtInd>DBIT</CdtDbtInd><AcctSvcrRef>REF000018006646</AcctSvcrRef><BkTxCd><Prtry><Cd>ATSISK</Cd></Prtry></BkTxCd><NtryDtls><Btch><NbOfTxs>1</NbOfTxs></Btch><TxDtls><Amt Ccy="EUR">3000</Amt></TxDtls></NtryDtls></Ntry><Ntry><NtryRef>REF000018018280</NtryRef><Amt Ccy="EUR">357.29</Amt><CdtDbtInd>CRDT</CdtDbtInd><AcctSvcrRef>REF000018021452</AcctSvcrRef><BkTxCd><Prtry><Cd>ATSISK</Cd></Prtry></BkTxCd><NtryDtls><Btch><NbOfTxs>1</NbOfTxs></Btch><TxDtls><Amt Ccy="EUR">357.29</Amt></TxDtls></NtryDtls></Ntry><Ntry><NtryRef>REF000018039665</NtryRef><Amt Ccy="EUR">4030</Amt><CdtDbtInd>CRDT</CdtDbtInd><AcctSvcrRef>REF000018046020</AcctSvcrRef><BkTxCd><Prtry><Cd>ATSISK</Cd></Prtry></BkTxCd><NtryDtls><Btch><NbOfTxs>1</NbOfTxs></Btch><TxDtls><Amt Ccy="EUR">4030</Amt></TxDtls></NtryDtls></Ntry><Ntry><NtryRef>REF000018059665</NtryRef><Amt Ccy="EUR">4030</Amt><CdtDbtInd>DBIT</CdtDbtInd><AcctSvcrRef>REF000018066020</AcctSvcrRef><BkTxCd><Prtry><Cd>ATSISK</Cd></Prtry></BkTxCd><NtryDtls><Btch><NbOfTxs>1</NbOfTxs></Btch><TxDtls><Amt Ccy="EUR">4030</Amt></TxDtls></NtryDtls></Ntry><Ntry><NtryRef>REF000018071092</NtryRef><Amt Ccy="EUR">462963.56</Amt><CdtDbtInd>CRDT</CdtDbtInd><AcctSvcrRef>REF000018085239</AcctSvcrRef><BkTxCd><Prtry><Cd>ATSISK</Cd></Prtry></BkTxCd><NtryDtls><Btch><NbOfTxs>254</NbOfTxs></Btch><TxDtls><Amt Ccy="EUR">462963.56</Amt></TxDtls></NtryDtls></Ntry><Ntry><NtryRef>REF000018091331</NtryRef><Amt Ccy="EUR">23</Amt><CdtDbtInd>DBIT</CdtDbtInd><AcctSvcrRef>REF000018101748</AcctSvcrRef><BkTxCd><Prtry><Cd>ATSISK</Cd></Prtry></BkTxCd><NtryDtls><Btch><NbOfTxs>1</NbOfTxs></Btch><TxDtls><Amt Ccy="EUR">23</Amt></TxDtls></NtryDtls></Ntry><Ntry><NtryRef>REF000018111734</NtryRef><Amt Ccy="EUR">192015.96</Amt><CdtDbtInd>DBIT</CdtDbtInd><AcctSvcrRef>REF000018129955</AcctSvcrRef><BkTxCd><Prtry><Cd>KLIRNG</Cd></Prtry></BkTxCd><NtryDtls><Btch><NbOfTxs>7</NbOfTxs></Btch><TxDtls><Amt Ccy="EUR">192015.96</Amt></TxDtls></NtryDtls></Ntry><Ntry><NtryRef>REF000018135235</NtryRef><Amt Ccy="EUR">213193</Amt><CdtDbtInd>DBIT</CdtDbtInd><AcctSvcrRef>REF000018148309</AcctSvcrRef><BkTxCd><Prtry><Cd>ATSISK</Cd></Prtry></BkTxCd><NtryDtls><Btch><NbOfTxs>9</NbOfTxs></Btch><TxDtls><Amt Ccy="EUR">213193</Amt></TxDtls></NtryDtls></Ntry><Ntry><NtryRef>REF000018159900</NtryRef><Amt Ccy="EUR">83436</Amt><CdtDbtInd>DBIT</CdtDbtInd><AcctSvcrRef>REF000018169124</AcctSvcrRef><BkTxCd><Prtry><Cd>ATSISK</Cd></Prtry></BkTxCd><NtryDtls><Btch><NbOfTxs>5</NbOfTxs></Btch><TxDtls><Amt Ccy="EUR">83436</Amt></TxDtls></NtryDtls></Ntry><Ntry><NtryRef>REF000018174704</NtryRef><Amt Ccy="EUR">42273</Amt><CdtDbtInd>DBIT</CdtDbtInd><AcctSvcrRef>REF000018184477</AcctSvcrRef><BkTxCd><Prtry><Cd>ATSISK</Cd></Prtry></BkTxCd><NtryDtls><Btch><NbOfTxs>3</NbOfTxs></Btch><TxDtls><Amt Ccy="EUR">42273</Amt></TxDtls></NtryDtls></Ntry><Ntry><NtryRef>REF000018194093</NtryRef><Amt Ccy="EUR">1591</Amt><CdtDbtInd>DBIT</CdtDbtInd><AcctSvcrRef>REF000018203955</AcctSvcrRef><BkTxCd><Prtry><Cd>ATSISK</Cd></Prtry></BkTxCd><NtryDtls><Btch><NbOfTxs>1</NbOfTxs></Btch><TxDtls><Amt Ccy="EUR">1591</Amt></TxDtls></NtryDtls></Ntry></Stmt></BkToCstmrStmt></Document>
