<?xml version='1.0' encoding='utf-8'?>
<Document xmlns="urn:iso:std:iso:20022:tech:xsd:camt.053.001.08"><BkToCstmrStmt><GrpHdr><MsgId>MSG85943600-MFLMRM</MsgId><CreDtTm>2024-05-22T19:47:15.027+03:00</CreDtTm><MsgPgntn><PgNb>2</PgNb><LastPgInd>true</LastPgInd></MsgPgntn><OrgnlBizQry><MsgId>MSG93250343-GKWZKU</MsgId></OrgnlBizQry></GrpHdr><Stmt><Id>MSG74676646-IDXNZN</Id><Acct><Id><Othr><Id>LT625883379695428516</Id></Othr></Id><Tp><Prtry>ATSISK</Prtry></Tp><Ccy>EUR</Ccy><Ownr><Id><OrgId><AnyBIC>DEUTBEB4NDX</AnyBIC></OrgId></Id></Ownr></Acct><Bal><Tp><CdOrPrtry><Cd>OPBD</Cd></CdOrPrtry></Tp><Amt Ccy="EUR">18629952.72</Amt><Dt><Dt>2024-05-22</Dt></Dt><Avlbty><Amt Ccy="EUR">18628952.72</Amt></Avlbty></Bal><Bal><Tp><CdOrPrtry><Cd>CLBD</Cd></CdOrPrtry></Tp><Amt Ccy="EUR">23375718.28</Amt><Dt><Dt>2024-05-22</Dt></Dt><Avlbty><Amt Ccy="EUR">23374718.28</Amt></Avlbty></Bal><Ntry><NtryRef>REF000008411558</NtryRef><Amt Ccy="EUR">30000</Amt><CdtDbtInd>DBIT</CdtDbtInd><AcctSvcrRef>REF000008423800</AcctSvcrRef><BkTxCd><Prtry><Cd>ATSISK</Cd></Prtry></BkTxCd><NtryDtls><Btch><NbOfTxs>1</NbOfTxs></Btch><TxDtls><Amt Ccy="EUR">30000</Amt></TxDtls></NtryDtls></Ntry><Ntry><NtryRef>REF000008437264</NtryRef><Amt Ccy="EUR">480</Amt><CdtDbtInd>CRDT</CdtDbtInd><AcctSvcrRef>REF000008446646</AcctSvcrRef><BkTxCd><Prtry><Cd>ATSISK</Cd></Prtry></BkTxCd><NtryDtls><Btch><NbOfTxs>1</NbOfTxs></Btch><TxDtls><Amt Ccy="EUR">480</Amt></TxDtls></NtryDtls></Ntry><Ntry><NtryRef>REF000008451092</NtryRef><Amt Ccy="EUR">4700026.73</Amt><CdtDbtInd>CRDT</CdtDbtInd><AcctSvcrRef>REF000008465239</AcctSvcrRef><BkTxCd><Prtry><Cd>ATSISK</Cd></Prtry></BkTxCd><NtryDtls><Btch><NbOfTxs>190</NbOfTxs></Btch><TxDtls><Amt Ccy="EUR">4700026.73</Amt></TxDtls></NtryDtls></Ntry><Ntry><NtryRef>REF000008471734</NtryRef><Amt Ccy="EUR">132974.89</Amt><CdtDbtInd>DBIT</CdtDbtInd><AcctSvcrRef>REF000008489955</AcctSvcrRef><BkTxCd><Prtry><Cd>KLIRNG</Cd></Prtry></BkTxCd><NtryDtls><Btch><NbOfTxs>7</NbOfTxs></Btch><TxDtls><Amt Ccy="EUR">132974.89</Amt></TxDtls></NtryDtls></Ntry><Ntry><NtryRef>REF000008491994</NtryRef><Amt Ccy="EUR">1154.72</Amt><CdtDbtInd>CRDT</CdtDbtInd><AcctSvcrRef>REF000008508042</AcctSvcrRef><BkTxCd><Prtry><Cd>ATSISK</Cd></Prtry></BkTxCd><NtryDtls><Btch><NbOfTxs>1</NbOfTxs></Btch><TxDtls><Amt Ccy="EUR">1154.72</Amt></TxDtls></NtryDtls></Ntry><Ntry><NtryRef>REF000008512916</NtryRef><Amt Ccy="EUR">2500</Amt><CdtDbtInd>DBIT</CdtDbtInd><AcctSvcrRef>REF000008529658</AcctSvcrRef><BkTxCd><Prtry><Cd>ATSSK2</Cd></Prtry></BkTxCd><NtryDtls><Btch><NbOfTxs>1</NbOfTxs></Btch><TxDtls><Amt Ccy="EUR">2500</Amt></TxDtls></NtryDtls></Ntry><Ntry><NtryRef>REF000008532845</NtryRef><Amt Ccy="EUR">480</Amt><CdtDbtInd>DBIT</CdtDbtInd><AcctSvcrRef>REF000008542208</AcctSvcrRef><BkTxCd><Prtry><Cd>ATSISK</Cd></Prtry></BkTxCd><NtryDtls><Btch><NbOfTxs>1</NbOfTxs></Btch><TxDtls><Amt Ccy="EUR">480</Amt></TxDtls></NtryDtls></Ntry><Ntry><NtryRef>REF000008557243</NtryRef><Amt Ccy="EUR">210059</Amt><CdtDbtInd>CRDT</CdtDbtInd><AcctSvcrRef>REF000008566477</AcctSvcrRef><BkTxCd><Prtry><Cd>ATSISK</Cd></Prtry></BkTxCd><NtryDtls><Btch><NbOfTxs>1</NbOfTxs></Btch><TxDtls><Amt Ccy="EUR">210059</Amt></TxDtls></NtryDtls></Ntry></Stmt><Stmt><Id>MSG82578636-JOZJPO</Id><Acct><Id><Othr><Id>LT414319056143772570</Id></Othr></Id><Tp><Prtry>ATSSK2</Prtry></Tp><Ccy>EUR</Ccy><Ownr><Id><OrgId><AnyBIC>DEUTBEB4NDX</AnyBIC></OrgId></Id></Ownr></Acct><Bal><Tp><CdOrPrtry><Cd>OPBD</Cd></CdOrPrtry></Tp><Amt Ccy="EUR">801.55</Amt><Dt><Dt>2024-05-22</Dt></Dt><Avlbty><Amt Ccy="EUR">801.55</Amt></Avlbty></Bal><Bal><Tp><CdOrPrtry><Cd>CLBD</Cd></CdOrPrtry></Tp><Amt Ccy="EUR">801.55</Amt><Dt><Dt>2024-05-22</Dt></Dt><Avlbty><Amt Ccy="EUR">801.55</Amt></Avlbty></Bal></Stmt></BkToCstmrStmt></Document>
