<?xml version='1.0' encoding='utf-8'?>
<Document xmlns="urn:iso:std:iso:20022:tech:xsd:camt.053.001.08"><BkToCstmrStmt><GrpHdr><MsgId>MSG85943600-MFLMRM</MsgId><CreDtTm>2024-04-16T20:01:22.818+03:00</CreDtTm><MsgPgntn><PgNb>2</PgNb><LastPgInd>true</LastPgInd></MsgPgntn><OrgnlBizQry><MsgId>MSG31586221-UCPFHC</MsgId></OrgnlBizQry></GrpHdr><Stmt><Id>MSG72946893-EWOWUV</Id><Acct><Id><Othr><Id>LT625883379695428516</Id></Othr></Id><Tp><Prtry>ATSISK</Prtry></Tp><Ccy>EUR</Ccy><Ownr><Id><OrgId><AnyBIC>DEUTBEB4NDX</AnyBIC></OrgId></Id></Ownr></Acct><Bal><Tp><CdOrPrtry><Cd>OPBD</Cd></CdOrPrtry></Tp><Amt Ccy="EUR">18616992.33</Amt><Dt><Dt>2024-04-16</Dt></Dt><Avlbty><Amt Ccy="EUR">18615992.33</Amt></Avlbty></Bal><Bal><Tp><CdOrPrtry><Cd>CLBD</Cd></CdOrPrtry></Tp><Amt Ccy="EUR">17531150.66</Amt><Dt><Dt>2024-04-16</Dt></Dt><Avlbty><Amt Ccy="EUR">17530150.66</Amt></Avlbty></Bal><Ntry><NtryRef>REF000004171092</NtryRef><Amt Ccy="EUR">478986.8</Amt><CdtDbtInd>CRDT</CdtDbtInd><AcctSvcrRef>REF000004185239</AcctSvcrRef><BkTxCd><Prtry><Cd>ATSISK</Cd></Prtry></BkTxCd><NtryDtls><Btch><NbOfTxs>172</NbOfTxs></Btch><TxDtls><Amt Ccy="EUR">478986.8</Amt></TxDtls></NtryDtls></Ntry><Ntry><NtryRef>REF000004197512</NtryRef><Amt Ccy="EUR">611969</Amt><CdtDbtInd>DBIT</CdtDbtInd><AcctSvcrRef>REF000004203382</AcctSvcrRef><BkTxCd><Prtry><Cd>ATSISK</Cd></Prtry></BkTxCd><NtryDtls><Btch><NbOfTxs>1</NbOfTxs></Btch><TxDtls><Amt Ccy="EUR">611969</Amt></TxDtls></NtryDtls></Ntry><Ntry><NtryRef>REF000004211331</NtryRef><Amt Ccy="EUR">1086</Amt><CdtDbtInd>DBIT</CdtDbtInd><AcctSvcrRef>REF000004221748</AcctSvcrRef><BkTxCd><Prtry><Cd>ATSISK</Cd></Prtry></BkTxCd><NtryDtls><Btch><NbOfTxs>1</NbOfTxs></Btch><TxDtls><Amt Ccy="EUR">1086</Amt></TxDtls></NtryDtls></Ntry><Ntry><NtryRef>REF000004231734</NtryRef><Amt Ccy="EUR">77370.43</Amt><CdtDbtInd>DBIT</CdtDbtInd><AcctSvcrRef>REF000004249955</AcctSvcrRef><BkTxCd><Prtry><Cd>KLIRNG</Cd></Prtry></BkTxCd><NtryDtls><Btch><NbOfTxs>7</NbOfTxs></Btch><TxDtls><Amt Ccy="EUR">77370.43</Amt></TxDtls></NtryDtls></Ntry><Ntry><NtryRef>REF000004255235</NtryRef><Amt Ccy="EUR">113439</Amt><CdtDbtInd>DBIT</CdtDbtInd><AcctSvcrRef>REF000004268309</AcctSvcrRef><BkTxCd><Prtry><Cd>ATSISK</Cd></Prtry></BkTxCd><NtryDtls><Btch><NbOfTxs>2</NbOfTxs></Btch><TxDtls><Amt Ccy="EUR">113439</Amt></TxDtls></NtryDtls></Ntry><Ntry><NtryRef>REF000004276050</NtryRef><Amt Ccy="EUR">601641.04</Amt><CdtDbtInd>DBIT</CdtDbtInd><AcctSvcrRef>REF000004281303</AcctSvcrRef><BkTxCd><Prtry><Cd>ATSISK</Cd></Prtry></BkTxCd><NtryDtls><Btch><NbOfTxs>4</NbOfTxs></Btch><TxDtls><Amt Ccy="EUR">601641.04</Amt></TxDtls></NtryDtls></Ntry><Ntry><NtryRef>REF000004296776</NtryRef><Amt Ccy="EUR">1</Amt><CdtDbtInd>CRDT</CdtDbtInd><AcctSvcrRef>REF000004304080</AcctSvcrRef><BkTxCd><Prtry><Cd>ATSISK</Cd></Prtry></BkTxCd><NtryDtls><Btch><NbOfTxs>1</NbOfTxs></Btch><TxDtls><Amt Ccy="EUR">1</Amt></TxDtls></NtryDtls></Ntry><Ntry><NtryRef>REF000004318113</NtryRef><Amt Ccy="EUR">167488</Amt><CdtDbtInd>DBIT</CdtDbtInd><AcctSvcrRef>REF000004329931</AcctSvcrRef><BkTxCd><Prtry><Cd>ATSISK</Cd></Prtry></BkTxCd><NtryDtls><Btch><NbOfTxs>1</NbOfTxs></Btch><TxDtls><Amt Ccy="EUR">167488</Amt></TxDtls></NtryDtls></Ntry><Ntry><NtryRef>REF000004336052</NtryRef><Amt Ccy="EUR">8164</Amt><CdtDbtInd>CRDT</CdtDbtInd><AcctSvcrRef>REF000004343333</AcctSvcrRef><BkTxCd><Prtry><Cd>ATSISK</Cd></Prtry></BkTxCd><NtryDtls><Btch><NbOfTxs>2</NbOfTxs></Btch><TxDtls><Amt Ccy="EUR">8164</Amt></TxDtls></NtryDtls></Ntry></Stmt><Stmt><Id>MSG72923134-AKEABW</Id><Acct><Id><Othr><Id>LT414319056143772570</Id></Othr></Id><Tp><Prtry>ATSSK2</Prtry></Tp><Ccy>EUR</Ccy><Ownr><Id><OrgId><AnyBIC>DEUTBEB4NDX</AnyBIC></OrgId></Id></Ownr></Acct><Bal><Tp><CdOrPrtry><Cd>OPBD</Cd></CdOrPrtry></Tp><Amt Ccy="EUR">2801.55</Amt><Dt><Dt>2024-04-16</Dt></Dt><Avlbty><Amt Ccy="EUR">2801.55</Amt></Avlbty></Bal><Bal><Tp><CdOrPrtry><Cd>CLBD</Cd></CdOrPrtry></Tp><Amt Ccy="EUR">2801.55</Amt><Dt><Dt>2024-04-16</Dt></Dt><Avlbty><Amt Ccy="EUR">2801.55</Amt></Avlbty></Bal></Stmt></BkToCstmrStmt></Document>
