<?xml version='1.0' encoding='utf-8'?>
<Document xmlns="urn:iso:std:iso:20022:tech:xsd:camt.053.001.08"><BkToCstmrStmt><GrpHdr><MsgId>MSG85943600-MFLMRM</MsgId><CreDtTm>2024-05-10T19:48:17.841+03:00</CreDtTm><MsgPgntn><PgNb>2</PgNb><LastPgInd>true</LastPgInd></MsgPgntn><OrgnlBizQry><MsgId>MSG27318403-THSRHU</MsgId></OrgnlBizQry></GrpHdr><Stmt><Id>MSG93243392-LEJFKH</Id><Acct><Id><Othr><Id>LT625883379695428516</Id></Othr></Id><Tp><Prtry>ATSISK</Prtry></Tp><Ccy>EUR</Ccy><Ownr><Id><OrgId><AnyBIC>DEUTBEB4NDX</AnyBIC></OrgId></Id></Ownr></Acct><Bal><Tp><CdOrPrtry><Cd>OPBD</Cd></CdOrPrtry></Tp><Amt Ccy="EUR">16402890.22</Amt><Dt><Dt>2024-05-10</Dt></Dt><Avlbty><Amt Ccy="EUR">16401890.22</Amt></Avlbty></Bal><Bal><Tp><CdOrPrtry><Cd>CLBD</Cd></CdOrPrtry></Tp><Amt Ccy="EUR">16536562.79</Amt><Dt><Dt>2024-05-10</Dt></Dt><Avlbty><Amt Ccy="EUR">16535562.79</Amt></Avlbty></Bal><Ntry><NtryRef>REF000006991558</NtryRef><Amt Ccy="EUR">625</Amt><CdtDbtInd>DBIT</CdtDbtInd><AcctSvcrRef>REF000007003800</AcctSvcrRef><BkTxCd><Prtry><Cd>ATSISK</Cd></Prtry></BkTxCd><NtryDtls><Btch><NbOfTxs>1</NbOfTxs></Btch><TxDtls><Amt Ccy="EUR">625</Amt></TxDtls></NtryDtls></Ntry><Ntry><NtryRef>REF000007011092</NtryRef><Amt Ccy="EUR">1011476.09</Amt><CdtDbtInd>CRDT</CdtDbtInd><AcctSvcrRef>REF000007025239</AcctSvcrRef><BkTxCd><Prtry><Cd>ATSISK</Cd></Prtry></BkTxCd><NtryDtls><Btch><NbOfTxs>97</NbOfTxs></Btch><TxDtls><Amt Ccy="EUR">1011476.09</Amt></TxDtls></NtryDtls></Ntry><Ntry><NtryRef>REF000007037512</NtryRef><Amt Ccy="EUR">8523</Amt><CdtDbtInd>DBIT</CdtDbtInd><AcctSvcrRef>REF000007043382</AcctSvcrRef><BkTxCd><Prtry><Cd>ATSISK</Cd></Prtry></BkTxCd><NtryDtls><Btch><NbOfTxs>2</NbOfTxs></Btch><TxDtls><Amt Ccy="EUR">8523</Amt></TxDtls></NtryDtls></Ntry><Ntry><NtryRef>REF000007051331</NtryRef><Amt Ccy="EUR">2685</Amt><CdtDbtInd>DBIT</CdtDbtInd><AcctSvcrRef>REF000007061748</AcctSvcrRef><BkTxCd><Prtry><Cd>ATSISK</Cd></Prtry></BkTxCd><NtryDtls><Btch><NbOfTxs>1</NbOfTxs></Btch><TxDtls><Amt Ccy="EUR">2685</Amt></TxDtls></NtryDtls></Ntry><Ntry><NtryRef>REF000007071734</NtryRef><Amt Ccy="EUR">147453.66</Amt><CdtDbtInd>DBIT</CdtDbtInd><AcctSvcrRef>REF000007089955</AcctSvcrRef><BkTxCd><Prtry><Cd>KLIRNG</Cd></Prtry></BkTxCd><NtryDtls><Btch><NbOfTxs>7</NbOfTxs></Btch><TxDtls><Amt Ccy="EUR">147453.66</Amt></TxDtls></NtryDtls></Ntry><Ntry><NtryRef>REF000007095235</NtryRef><Amt Ccy="EUR">19456</Amt><CdtDbtInd>DBIT</CdtDbtInd><AcctSvcrRef>REF000007108309</AcctSvcrRef><BkTxCd><Prtry><Cd>ATSISK</Cd></Prtry></BkTxCd><NtryDtls><Btch><NbOfTxs>1</NbOfTxs></Btch><TxDtls><Amt Ccy="EUR">19456</Amt></TxDtls></NtryDtls></Ntry><Ntry><NtryRef>REF000007119900</NtryRef><Amt Ccy="EUR">653990.64</Amt><CdtDbtInd>DBIT</CdtDbtInd><AcctSvcrRef>REF000007129124</AcctSvcrRef><BkTxCd><Prtry><Cd>ATSISK</Cd></Prtry></BkTxCd><NtryDtls><Btch><NbOfTxs>4</NbOfTxs></Btch><TxDtls><Amt Ccy="EUR">653990.64</Amt></TxDtls></NtryDtls></Ntry><Ntry><NtryRef>REF000007136776</NtryRef><Amt Ccy="EUR">7</Amt><CdtDbtInd>CRDT</CdtDbtInd><AcctSvcrRef>REF000007144080</AcctSvcrRef><BkTxCd><Prtry><Cd>ATSISK</Cd></Prtry></BkTxCd><NtryDtls><Btch><NbOfTxs>2</NbOfTxs></Btch><TxDtls><Amt Ccy="EUR">7</Amt></TxDtls></NtryDtls></Ntry><Ntry><NtryRef>REF000007152615</NtryRef><Amt Ccy="EUR">45077.22</Amt><CdtDbtInd>DBIT</CdtDbtInd><AcctSvcrRef>REF000007167676</AcctSvcrRef><BkTxCd><Prtry><Cd>ATSISK</Cd></Prtry></BkTxCd><NtryDtls><Btch><NbOfTxs>1</NbOfTxs></Btch><TxDtls><Amt Ccy="EUR">45077.22</Amt></TxDtls></NtryDtls></Ntry></Stmt><Stmt><Id>MSG86246653-DXLJLG</Id><Acct><Id><Othr><Id>LT414319056143772570</Id></Othr></Id><Tp><Prtry>ATSSK2</Prtry></Tp><Ccy>EUR</Ccy><Ownr><Id><OrgId><AnyBIC>DEUTBEB4NDX</AnyBIC></OrgId></Id></Ownr></Acct><Bal><Tp><CdOrPrtry><Cd>OPBD</Cd></CdOrPrtry></Tp><Amt Ccy="EUR">801.55</Amt><Dt><Dt>2024-05-10</Dt></Dt><Avlbty><Amt Ccy="EUR">801.55</Amt></Avlbty></Bal><Bal><Tp><CdOrPrtry><Cd>CLBD</Cd></CdOrPrtry></Tp><Amt Ccy="EUR">801.55</Amt><Dt><Dt>2024-05-10</Dt></Dt><Avlbty><Amt Ccy="EUR">801.55</Amt></Avlbty></Bal></Stmt></BkToCstmrStmt></Document>
