<?xml version='1.0' encoding='utf-8'?>
<Document xmlns="urn:iso:std:iso:20022:tech:xsd:camt.053.001.08"><BkToCstmrStmt><GrpHdr><MsgId>MSG85943600-MFLMRM</MsgId><CreDtTm>2024-05-23T19:47:10.518+03:00</CreDtTm><MsgPgntn><PgNb>2</PgNb><LastPgInd>true</LastPgInd></MsgPgntn><OrgnlBizQry><MsgId>MSG54489938-ZGJVLJ</MsgId></OrgnlBizQry></GrpHdr><Stmt><Id>MSG17258159-BYRDTR</Id><Acct><Id><Othr><Id>LT625883379695428516</Id></Othr></Id><Tp><Prtry>ATSISK</Prtry></Tp><Ccy>EUR</Ccy><Ownr><Id><OrgId><AnyBIC>DEUTBEB4NDX</AnyBIC></OrgId></Id></Ownr></Acct><Bal><Tp><CdOrPrtry><Cd>OPBD</Cd></CdOrPrtry></Tp><Amt Ccy="EUR">23375718.28</Amt><Dt><Dt>2024-05-23</Dt></Dt><Avlbty><Amt Ccy="EUR">23374718.28</Amt></Avlbty></Bal><Bal><Tp><CdOrPrtry><Cd>CLBD</Cd></CdOrPrtry></Tp><Amt Ccy="EUR">20566808.38</Amt><Dt><Dt>2024-05-23</Dt></Dt><Avlbty><Amt Ccy="EUR">20565808.38</Amt></Avlbty></Bal><Ntry><NtryRef>REF000008577264</NtryRef><Amt Ccy="EUR">502</Amt><CdtDbtInd>CRDT</CdtDbtInd><AcctSvcrRef>REF000008586646</AcctSvcrRef><BkTxCd><Prtry><Cd>ATSISK</Cd></Prtry></BkTxCd><NtryDtls><Btch><NbOfTxs>1</NbOfTxs></Btch><TxDtls><Amt Ccy="EUR">502</Amt></TxDtls></NtryDtls></Ntry><Ntry><NtryRef>REF000008591092</NtryRef><Amt Ccy="EUR">1017773.46</Amt><CdtDbtInd>CRDT</CdtDbtInd><AcctSvcrRef>REF000008605239</AcctSvcrRef><BkTxCd><Prtry><Cd>ATSISK</Cd></Prtry></BkTxCd><NtryDtls><Btch><NbOfTxs>133</NbOfTxs></Btch><TxDtls><Amt Ccy="EUR">1017773.46</Amt></TxDtls></NtryDtls></Ntry><Ntry><NtryRef>REF000008611734</NtryRef><Amt Ccy="EUR">2047547.36</Amt><CdtDbtInd>DBIT</CdtDbtInd><AcctSvcrRef>REF000008629955</AcctSvcrRef><BkTxCd><Prtry><Cd>KLIRNG</Cd></Prtry></BkTxCd><NtryDtls><Btch><NbOfTxs>7</NbOfTxs></Btch><TxDtls><Amt Ccy="EUR">2047547.36</Amt></TxDtls></NtryDtls></Ntry><Ntry><NtryRef>REF000008635235</NtryRef><Amt Ccy="EUR">414791.19</Amt><CdtDbtInd>DBIT</CdtDbtInd><AcctSvcrRef>REF000008648309</AcctSvcrRef><BkTxCd><Prtry><Cd>ATSISK</Cd></Prtry></BkTxCd><NtryDtls><Btch><NbOfTxs>2</NbOfTxs></Btch><TxDtls><Amt Ccy="EUR">414791.19</Amt></TxDtls></NtryDtls></Ntry><Ntry><NtryRef>REF000008659900</NtryRef><Amt Ccy="EUR">49255</Amt><CdtDbtInd>DBIT</CdtDbtInd><AcctSvcrRef>REF000008669124</AcctSvcrRef><BkTxCd><Prtry><Cd>ATSISK</Cd></Prtry></BkTxCd><NtryDtls><Btch><NbOfTxs>2</NbOfTxs></Btch><TxDtls><Amt Ccy="EUR">49255</Amt></TxDtls></NtryDtls></Ntry><Ntry><NtryRef>REF000008676776</NtryRef><Amt Ccy="EUR">50</Amt><CdtDbtInd>CRDT</CdtDbtInd><AcctSvcrRef>REF000008684080</AcctSvcrRef><BkTxCd><Prtry><Cd>ATSISK</Cd></Prtry></BkTxCd><NtryDtls><Btch><NbOfTxs>1</NbOfTxs></Btch><TxDtls><Amt Ccy="EUR">50</Amt></TxDtls></NtryDtls></Ntry><Ntry><NtryRef>REF000008699683</NtryRef><Amt Ccy="EUR">98502.57</Amt><CdtDbtInd>DBIT</CdtDbtInd><AcctSvcrRef>REF000008708629</AcctSvcrRef><BkTxCd><Prtry><Cd>ATSISK</Cd></Prtry></BkTxCd><NtryDtls><Btch><NbOfTxs>1</NbOfTxs></Btch><TxDtls><Amt Ccy="EUR">98502.57</Amt></TxDtls></NtryDtls></Ntry><Ntry><NtryRef>REF000008714704</NtryRef><Amt Ccy="EUR">47166.24</Amt><CdtDbtInd>DBIT</CdtDbtInd><AcctSvcrRef>REF000008724477</AcctSvcrRef><BkTxCd><Prtry><Cd>ATSISK</Cd></Prtry></BkTxCd><NtryDtls><Btch><NbOfTxs>2</NbOfTxs></Btch><TxDtls><Amt Ccy="EUR">47166.24</Amt></TxDtls></NtryDtls></Ntry><Ntry><NtryRef>REF000008738113</NtryRef><Amt Ccy="EUR">1169973</Amt><CdtDbtInd>DBIT</CdtDbtInd><AcctSvcrRef>REF000008749931</AcctSvcrRef><BkTxCd><Prtry><Cd>ATSISK</Cd></Prtry></BkTxCd><NtryDtls><Btch><NbOfTxs>1</NbOfTxs></Btch><TxDtls><Amt Ccy="EUR">1169973</Amt></TxDtls></NtryDtls></Ntry></Stmt><Stmt><Id>MSG59092506-ALVOIT</Id><Acct><Id><Othr><Id>LT414319056143772570</Id></Othr></Id><Tp><Prtry>ATSSK2</Prtry></Tp><Ccy>EUR</Ccy><Ownr><Id><OrgId><AnyBIC>DEUTBEB4NDX</AnyBIC></OrgId></Id></Ownr></Acct><Bal><Tp><CdOrPrtry><Cd>OPBD</Cd></CdOrPrtry></Tp><Amt Ccy="EUR">801.55</Amt><Dt><Dt>2024-05-23</Dt></Dt><Avlbty><Amt Ccy="EUR">801.55</Amt></Avlbty></Bal><Bal><Tp><CdOrPrtry><Cd>CLBD</Cd></CdOrPrtry></Tp><Amt Ccy="EUR">801.55</Amt><Dt><Dt>2024-05-23</Dt></Dt><Avlbty><Amt Ccy="EUR">801.55</Amt></Avlbty></Bal></Stmt></BkToCstmrStmt></Document>
