<?xml version='1.0' encoding='utf-8'?>
<Document xmlns="urn:iso:std:iso:20022:tech:xsd:camt.053.001.08"><BkToCstmrStmt><GrpHdr><MsgId>MSG85943600-MFLMRM</MsgId><CreDtTm>2024-06-03T19:48:19.361+03:00</CreDtTm><MsgPgntn><PgNb>2</PgNb><LastPgInd>true</LastPgInd></MsgPgntn><OrgnlBizQry><MsgId>MSG10160590-EAESML</MsgId></OrgnlBizQry></GrpHdr><Stmt><Id>MSG63365599-MKKZYQ</Id><Acct><Id><Othr><Id>LT625883379695428516</Id></Othr></Id><Tp><Prtry>ATSISK</Prtry></Tp><Ccy>EUR</Ccy><Ownr><Id><OrgId><AnyBIC>DEUTBEB4NDX</AnyBIC></OrgId></Id></Ownr></Acct><Bal><Tp><CdOrPrtry><Cd>OPBD</Cd></CdOrPrtry></Tp><Amt Ccy="EUR">19129178.92</Amt><Dt><Dt>2024-06-03</Dt></Dt><Avlbty><Amt Ccy="EUR">19128178.92</Amt></Avlbty></Bal><Bal><Tp><CdOrPrtry><Cd>CLBD</Cd></CdOrPrtry></Tp><Amt Ccy="EUR">18415676.68</Amt><Dt><Dt>2024-06-03</Dt></Dt><Avlbty><Amt Ccy="EUR">18414676.68</Amt></Avlbty></Bal><Ntry><NtryRef>REF000009878267</NtryRef><Amt Ccy="EUR">1485.55</Amt><CdtDbtInd>CRDT</CdtDbtInd><AcctSvcrRef>REF000009884440</AcctSvcrRef><BkTxCd><Prtry><Cd>ATSISK</Cd></Prtry></BkTxCd><NtryDtls><Btch><NbOfTxs>1</NbOfTxs></Btch><TxDtls><Amt Ccy="EUR">1485.55</Amt></TxDtls></NtryDtls></Ntry><Ntry><NtryRef>REF000009897264</NtryRef><Amt Ccy="EUR">12</Amt><CdtDbtInd>CRDT</CdtDbtInd><AcctSvcrRef>REF000009906646</AcctSvcrRef><BkTxCd><Prtry><Cd>ATSISK</Cd></Prtry></BkTxCd><NtryDtls><Btch><NbOfTxs>1</NbOfTxs></Btch><TxDtls><Amt Ccy="EUR">12</Amt></TxDtls></NtryDtls></Ntry><Ntry><NtryRef>REF000009917264</NtryRef><Amt Ccy="EUR">4</Amt><CdtDbtInd>DBIT</CdtDbtInd><AcctSvcrRef>REF000009926646</AcctSvcrRef><BkTxCd><Prtry><Cd>ATSISK</Cd></Prtry></BkTxCd><NtryDtls><Btch><NbOfTxs>1</NbOfTxs></Btch><TxDtls><Amt Ccy="EUR">4</Amt></TxDtls></NtryDtls></Ntry><Ntry><NtryRef>REF000009931092</NtryRef><Amt Ccy="EUR">626167.16</Amt><CdtDbtInd>CRDT</CdtDbtInd><AcctSvcrRef>REF000009945239</AcctSvcrRef><BkTxCd><Prtry><Cd>ATSISK</Cd></Prtry></BkTxCd><NtryDtls><Btch><NbOfTxs>238</NbOfTxs></Btch><TxDtls><Amt Ccy="EUR">626167.16</Amt></TxDtls></NtryDtls></Ntry><Ntry><NtryRef>REF000009951734</NtryRef><Amt Ccy="EUR">1341063.95</Amt><CdtDbtInd>DBIT</CdtDbtInd><AcctSvcrRef>REF000009969955</AcctSvcrRef><BkTxCd><Prtry><Cd>KLIRNG</Cd></Prtry></BkTxCd><NtryDtls><Btch><NbOfTxs>7</NbOfTxs></Btch><TxDtls><Amt Ccy="EUR">1341063.95</Amt></TxDtls></NtryDtls></Ntry><Ntry><NtryRef>REF000009976262</NtryRef><Amt Ccy="EUR">1</Amt><CdtDbtInd>CRDT</CdtDbtInd><AcctSvcrRef>REF000009989512</AcctSvcrRef><BkTxCd><Prtry><Cd>ATSISK</Cd></Prtry></BkTxCd><NtryDtls><Btch><NbOfTxs>1</NbOfTxs></Btch><TxDtls><Amt Ccy="EUR">1</Amt></TxDtls></NtryDtls></Ntry><Ntry><NtryRef>REF000009996776</NtryRef><Amt Ccy="EUR">100</Amt><CdtDbtInd>DBIT</CdtDbtInd><AcctSvcrRef>REF000010004080</AcctSvcrRef><BkTxCd><Prtry><Cd>ATSISK</Cd></Prtry></BkTxCd><NtryDtls><Btch><NbOfTxs>1</NbOfTxs></Btch><TxDtls><Amt Ccy="EUR">100</Amt></TxDtls></NtryDtls></Ntry></Stmt><Stmt><Id>MSG64669883-LVKIXG</Id><Acct><Id><Othr><Id>LT414319056143772570</Id></Othr></Id><Tp><Prtry>ATSSK2</Prtry></Tp><Ccy>EUR</Ccy><Ownr><Id><OrgId><AnyBIC>DEUTBEB4NDX</AnyBIC></OrgId></Id></Ownr></Acct><Bal><Tp><CdOrPrtry><Cd>OPBD</Cd></CdOrPrtry></Tp><Amt Ccy="EUR">801.55</Amt><Dt><Dt>2024-06-03</Dt></Dt><Avlbty><Amt Ccy="EUR">801.55</Amt></Avlbty></Bal><Bal><Tp><CdOrPrtry><Cd>CLBD</Cd></CdOrPrtry></Tp><Amt Ccy="EUR">801.55</Amt><Dt><Dt>2024-06-03</Dt></Dt><Avlbty><Amt Ccy="EUR">801.55</Amt></Avlbty></Bal></Stmt></BkToCstmrStmt></Document>
