<?xml version='1.0' encoding='utf-8'?>
<Document xmlns="urn:iso:std:iso:20022:tech:xsd:camt.053.001.08"><BkToCstmrStmt><GrpHdr><MsgId>MSG85943600-MFLMRM</MsgId><CreDtTm>2024-05-16T19:47:18.957+03:00</CreDtTm><MsgPgntn><PgNb>2</PgNb><LastPgInd>true</LastPgInd></MsgPgntn><OrgnlBizQry><MsgId>MSG82249835-GPFTCL</MsgId></OrgnlBizQry></GrpHdr><Stmt><Id>MSG51343142-YQIUKG</Id><Acct><Id><Othr><Id>LT625883379695428516</Id></Othr></Id><Tp><Prtry>ATSISK</Prtry></Tp><Ccy>EUR</Ccy><Ownr><Id><OrgId><AnyBIC>DEUTBEB4NDX</AnyBIC></OrgId></Id></Ownr></Acct><Bal><Tp><CdOrPrtry><Cd>OPBD</Cd></CdOrPrtry></Tp><Amt Ccy="EUR">19028519.93</Amt><Dt><Dt>2024-05-16</Dt></Dt><Avlbty><Amt Ccy="EUR">19027519.93</Amt></Avlbty></Bal><Bal><Tp><CdOrPrtry><Cd>CLBD</Cd></CdOrPrtry></Tp><Amt Ccy="EUR">17154308.82</Amt><Dt><Dt>2024-05-16</Dt></Dt><Avlbty><Amt Ccy="EUR">17153308.82</Amt></Avlbty></Bal><Ntry><NtryRef>REF000007738267</NtryRef><Amt Ccy="EUR">692.01</Amt><CdtDbtInd>CRDT</CdtDbtInd><AcctSvcrRef>REF000007744440</AcctSvcrRef><BkTxCd><Prtry><Cd>ATSISK</Cd></Prtry></BkTxCd><NtryDtls><Btch><NbOfTxs>1</NbOfTxs></Btch><TxDtls><Amt Ccy="EUR">692.01</Amt></TxDtls></NtryDtls></Ntry><Ntry><NtryRef>REF000007759665</NtryRef><Amt Ccy="EUR">830</Amt><CdtDbtInd>DBIT</CdtDbtInd><AcctSvcrRef>REF000007766020</AcctSvcrRef><BkTxCd><Prtry><Cd>ATSISK</Cd></Prtry></BkTxCd><NtryDtls><Btch><NbOfTxs>1</NbOfTxs></Btch><TxDtls><Amt Ccy="EUR">830</Amt></TxDtls></NtryDtls></Ntry><Ntry><NtryRef>REF000007771092</NtryRef><Amt Ccy="EUR">547591.52</Amt><CdtDbtInd>CRDT</CdtDbtInd><AcctSvcrRef>REF000007785239</AcctSvcrRef><BkTxCd><Prtry><Cd>ATSISK</Cd></Prtry></BkTxCd><NtryDtls><Btch><NbOfTxs>141</NbOfTxs></Btch><TxDtls><Amt Ccy="EUR">547591.52</Amt></TxDtls></NtryDtls></Ntry><Ntry><NtryRef>REF000007791331</NtryRef><Amt Ccy="EUR">3208</Amt><CdtDbtInd>DBIT</CdtDbtInd><AcctSvcrRef>REF000007801748</AcctSvcrRef><BkTxCd><Prtry><Cd>ATSISK</Cd></Prtry></BkTxCd><NtryDtls><Btch><NbOfTxs>2</NbOfTxs></Btch><TxDtls><Amt Ccy="EUR">3208</Amt></TxDtls></NtryDtls></Ntry><Ntry><NtryRef>REF000007811734</NtryRef><Amt Ccy="EUR">2065995.97</Amt><CdtDbtInd>DBIT</CdtDbtInd><AcctSvcrRef>REF000007829955</AcctSvcrRef><BkTxCd><Prtry><Cd>KLIRNG</Cd></Prtry></BkTxCd><NtryDtls><Btch><NbOfTxs>7</NbOfTxs></Btch><TxDtls><Amt Ccy="EUR">2065995.97</Amt></TxDtls></NtryDtls></Ntry><Ntry><NtryRef>REF000007835235</NtryRef><Amt Ccy="EUR">334382.67</Amt><CdtDbtInd>DBIT</CdtDbtInd><AcctSvcrRef>REF000007848309</AcctSvcrRef><BkTxCd><Prtry><Cd>ATSISK</Cd></Prtry></BkTxCd><NtryDtls><Btch><NbOfTxs>4</NbOfTxs></Btch><TxDtls><Amt Ccy="EUR">334382.67</Amt></TxDtls></NtryDtls></Ntry><Ntry><NtryRef>REF000007859900</NtryRef><Amt Ccy="EUR">1290</Amt><CdtDbtInd>DBIT</CdtDbtInd><AcctSvcrRef>REF000007869124</AcctSvcrRef><BkTxCd><Prtry><Cd>ATSISK</Cd></Prtry></BkTxCd><NtryDtls><Btch><NbOfTxs>1</NbOfTxs></Btch><TxDtls><Amt Ccy="EUR">1290</Amt></TxDtls></NtryDtls></Ntry><Ntry><NtryRef>REF000007879683</NtryRef><Amt Ccy="EUR">5</Amt><CdtDbtInd>DBIT</CdtDbtInd><AcctSvcrRef>REF000007888629</AcctSvcrRef><BkTxCd><Prtry><Cd>ATSISK</Cd></Prtry></BkTxCd><NtryDtls><Btch><NbOfTxs>1</NbOfTxs></Btch><TxDtls><Amt Ccy="EUR">5</Amt></TxDtls></NtryDtls></Ntry><Ntry><NtryRef>REF000007894704</NtryRef><Amt Ccy="EUR">12300</Amt><CdtDbtInd>DBIT</CdtDbtInd><AcctSvcrRef>REF000007904477</AcctSvcrRef><BkTxCd><Prtry><Cd>ATSISK</Cd></Prtry></BkTxCd><NtryDtls><Btch><NbOfTxs>1</NbOfTxs></Btch><TxDtls><Amt Ccy="EUR">12300</Amt></TxDtls></NtryDtls></Ntry><Ntry><NtryRef>REF000007915238</NtryRef><Amt Ccy="EUR">275</Amt><CdtDbtInd>DBIT</CdtDbtInd><AcctSvcrRef>REF000007927599</AcctSvcrRef><BkTxCd><Prtry><Cd>ATSISK</Cd></Prtry></BkTxCd><NtryDtls><Btch><NbOfTxs>1</NbOfTxs></Btch><TxDtls><Amt Ccy="EUR">275</Amt></TxDtls></NtryDtls></Ntry><Ntry><NtryRef>REF000007934093</NtryRef><Amt Ccy="EUR">4208</Amt><CdtDbtInd>DBIT</CdtDbtInd><AcctSvcrRef>REF000007943955</AcctSvcrRef><BkTxCd><Prtry><Cd>ATSISK</Cd></Prtry></BkTxCd><NtryDtls><Btch><NbOfTxs>2</NbOfTxs></Btch><TxDtls><Amt Ccy="EUR">4208</Amt></TxDtls></NtryDtls></Ntry></Stmt><Stmt><Id>MSG47516259-BNXZRO</Id><Acct><Id><Othr><Id>LT414319056143772570</Id></Othr></Id><Tp><Prtry>ATSSK2</Prtry></Tp><Ccy>EUR</Ccy><Ownr><Id><OrgId><AnyBIC>DEUTBEB4NDX</AnyBIC></OrgId></Id></Ownr></Acct><Bal><Tp><CdOrPrtry><Cd>OPBD</Cd></CdOrPrtry></Tp><Amt Ccy="EUR">801.55</Amt><Dt><Dt>2024-05-16</Dt></Dt><Avlbty><Amt Ccy="EUR">801.55</Amt></Avlbty></Bal><Bal><Tp><CdOrPrtry><Cd>CLBD</Cd></CdOrPrtry></Tp><Amt Ccy="EUR">801.55</Amt><Dt><Dt>2024-05-16</Dt></Dt><Avlbty><Amt Ccy="EUR">801.55</Amt></Avlbty></Bal></Stmt></BkToCstmrStmt></Document>
