<?xml version='1.0' encoding='utf-8'?>
<Document xmlns="urn:iso:std:iso:20022:tech:xsd:camt.053.001.08"><BkToCstmrStmt><GrpHdr><MsgId>MSG85943600-MFLMRM</MsgId><CreDtTm>2024-09-13T19:47:25.998+03:00</CreDtTm><MsgPgntn><PgNb>1</PgNb><LastPgInd>true</LastPgInd></MsgPgntn><OrgnlBizQry><MsgId>MSG75599792-QQLJPP</MsgId></OrgnlBizQry></GrpHdr><Stmt><Id>MSG44966028-UOOBLQ</Id><Acct><Id><Othr><Id>LT625883379695428516</Id></Othr></Id><Tp><Prtry>ATSISK</Prtry></Tp><Ccy>EUR</Ccy><Ownr><Id><OrgId><AnyBIC>DEUTBEB4NDX</AnyBIC></OrgId></Id></Ownr></Acct><Bal><Tp><CdOrPrtry><Cd>OPBD</Cd></CdOrPrtry></Tp><Amt Ccy="EUR">18791087.88</Amt><Dt><Dt>2024-09-13</Dt></Dt><Avlbty><Amt Ccy="EUR">18790087.88</Amt></Avlbty></Bal><Bal><Tp><CdOrPrtry><Cd>CLBD</Cd></CdOrPrtry></Tp><Amt Ccy="EUR">19813519.81</Amt><Dt><Dt>2024-09-13</Dt></Dt><Avlbty><Amt Ccy="EUR">19812519.81</Amt></Avlbty></Bal><Ntry><NtryRef>REF000021531092</NtryRef><Amt Ccy="EUR">1757716.04</Amt><CdtDbtInd>CRDT</CdtDbtInd><AcctSvcrRef>REF000021545239</AcctSvcrRef><BkTxCd><Prtry><Cd>ATSISK</Cd></Prtry></BkTxCd><NtryDtls><Btch><NbOfTxs>148</NbOfTxs></Btch><TxDtls><Amt Ccy="EUR">1757716.04</Amt></TxDtls></NtryDtls></Ntry><Ntry><NtryRef>REF000021558227</NtryRef><Amt Ccy="EUR">75756.9</Amt><CdtDbtInd>DBIT</CdtDbtInd><AcctSvcrRef>REF000021562605</AcctSvcrRef><BkTxCd><Prtry><Cd>ATSISK</Cd></Prtry></BkTxCd><NtryDtls><Btch><NbOfTxs>1</NbOfTxs></Btch><TxDtls><Amt Ccy="EUR">75756.9</Amt></TxDtls></NtryDtls></Ntry><Ntry><NtryRef>REF000021577493</NtryRef><Amt Ccy="EUR">41352.4</Amt><CdtDbtInd>DBIT</CdtDbtInd><AcctSvcrRef>REF000021582081</AcctSvcrRef><BkTxCd><Prtry><Cd>ATSISK</Cd></Prtry></BkTxCd><NtryDtls><Btch><NbOfTxs>1</NbOfTxs></Btch><TxDtls><Amt Ccy="EUR">41352.4</Amt></TxDtls></NtryDtls></Ntry><Ntry><NtryRef>REF000021591734</NtryRef><Amt Ccy="EUR">316922.63</Amt><CdtDbtInd>DBIT</CdtDbtInd><AcctSvcrRef>REF000021609955</AcctSvcrRef><BkTxCd><Prtry><Cd>KLIRNG</Cd></Prtry></BkTxCd><NtryDtls><Btch><NbOfTxs>7</NbOfTxs></Btch><TxDtls><Amt Ccy="EUR">316922.63</Amt></TxDtls></NtryDtls></Ntry><Ntry><NtryRef>REF000021615235</NtryRef><Amt Ccy="EUR">193047.02</Amt><CdtDbtInd>DBIT</CdtDbtInd><AcctSvcrRef>REF000021628309</AcctSvcrRef><BkTxCd><Prtry><Cd>ATSISK</Cd></Prtry></BkTxCd><NtryDtls><Btch><NbOfTxs>4</NbOfTxs></Btch><TxDtls><Amt Ccy="EUR">193047.02</Amt></TxDtls></NtryDtls></Ntry><Ntry><NtryRef>REF000021639900</NtryRef><Amt Ccy="EUR">156577.49</Amt><CdtDbtInd>DBIT</CdtDbtInd><AcctSvcrRef>REF000021649124</AcctSvcrRef><BkTxCd><Prtry><Cd>ATSISK</Cd></Prtry></BkTxCd><NtryDtls><Btch><NbOfTxs>3</NbOfTxs></Btch><TxDtls><Amt Ccy="EUR">156577.49</Amt></TxDtls></NtryDtls></Ntry><Ntry><NtryRef>REF000021653697</NtryRef><Amt Ccy="EUR">12516.8</Amt><CdtDbtInd>CRDT</CdtDbtInd><AcctSvcrRef>REF000021662611</AcctSvcrRef><BkTxCd><Prtry><Cd>ATSISK</Cd></Prtry></BkTxCd><NtryDtls><Btch><NbOfTxs>1</NbOfTxs></Btch><TxDtls><Amt Ccy="EUR">12516.8</Amt></TxDtls></NtryDtls></Ntry><Ntry><NtryRef>REF000021671655</NtryRef><Amt Ccy="EUR">450</Amt><CdtDbtInd>DBIT</CdtDbtInd><AcctSvcrRef>REF000021685284</AcctSvcrRef><BkTxCd><Prtry><Cd>ATSISK</Cd></Prtry></BkTxCd><NtryDtls><Btch><NbOfTxs>2</NbOfTxs></Btch><TxDtls><Amt Ccy="EUR">450</Amt></TxDtls></NtryDtls></Ntry><Ntry><NtryRef>REF000021697078</NtryRef><Amt Ccy="EUR">36305.53</Amt><CdtDbtInd>CRDT</CdtDbtInd><AcctSvcrRef>REF000021702822</AcctSvcrRef><BkTxCd><Prtry><Cd>ATSISK</Cd></Prtry></BkTxCd><NtryDtls><Btch><NbOfTxs>2</NbOfTxs></Btch><TxDtls><Amt Ccy="EUR">36305.53</Amt></TxDtls></NtryDtls></Ntry></Stmt></BkToCstmrStmt></Document>
