<?xml version='1.0' encoding='utf-8'?>
<Document xmlns="urn:iso:std:iso:20022:tech:xsd:camt.053.001.08"><BkToCstmrStmt><GrpHdr><MsgId>MSG85943600-MFLMRM</MsgId><CreDtTm>2024-06-06T19:46:25.874+03:00</CreDtTm><MsgPgntn><PgNb>2</PgNb><LastPgInd>true</LastPgInd></MsgPgntn><OrgnlBizQry><MsgId>MSG93917292-FLIRLM</MsgId></OrgnlBizQry></GrpHdr><Stmt><Id>MSG28449978-JOLGVH</Id><Acct><Id><Othr><Id>LT625883379695428516</Id></Othr></Id><Tp><Prtry>ATSISK</Prtry></Tp><Ccy>EUR</Ccy><Ownr><Id><OrgId><AnyBIC>DEUTBEB4NDX</AnyBIC></OrgId></Id></Ownr></Acct><Bal><Tp><CdOrPrtry><Cd>OPBD</Cd></CdOrPrtry></Tp><Amt Ccy="EUR">19063190.23</Amt><Dt><Dt>2024-06-06</Dt></Dt><Avlbty><Amt Ccy="EUR">19062190.23</Amt></Avlbty></Bal><Bal><Tp><CdOrPrtry><Cd>CLBD</Cd></CdOrPrtry></Tp><Amt Ccy="EUR">16394037.83</Amt><Dt><Dt>2024-06-06</Dt></Dt><Avlbty><Amt Ccy="EUR">16393037.83</Amt></Avlbty></Bal><Ntry><NtryRef>REF000010299665</NtryRef><Amt Ccy="EUR">118012.82</Amt><CdtDbtInd>DBIT</CdtDbtInd><AcctSvcrRef>REF000010306020</AcctSvcrRef><BkTxCd><Prtry><Cd>ATSISK</Cd></Prtry></BkTxCd><NtryDtls><Btch><NbOfTxs>2</NbOfTxs></Btch><TxDtls><Amt Ccy="EUR">118012.82</Amt></TxDtls></NtryDtls></Ntry><Ntry><NtryRef>REF000010311092</NtryRef><Amt Ccy="EUR">496527.74</Amt><CdtDbtInd>CRDT</CdtDbtInd><AcctSvcrRef>REF000010325239</AcctSvcrRef><BkTxCd><Prtry><Cd>ATSISK</Cd></Prtry></BkTxCd><NtryDtls><Btch><NbOfTxs>165</NbOfTxs></Btch><TxDtls><Amt Ccy="EUR">496527.74</Amt></TxDtls></NtryDtls></Ntry><Ntry><NtryRef>REF000010338227</NtryRef><Amt Ccy="EUR">106468.33</Amt><CdtDbtInd>DBIT</CdtDbtInd><AcctSvcrRef>REF000010342605</AcctSvcrRef><BkTxCd><Prtry><Cd>ATSISK</Cd></Prtry></BkTxCd><NtryDtls><Btch><NbOfTxs>1</NbOfTxs></Btch><TxDtls><Amt Ccy="EUR">106468.33</Amt></TxDtls></NtryDtls></Ntry><Ntry><NtryRef>REF000010351331</NtryRef><Amt Ccy="EUR">212057</Amt><CdtDbtInd>DBIT</CdtDbtInd><AcctSvcrRef>REF000010361748</AcctSvcrRef><BkTxCd><Prtry><Cd>ATSISK</Cd></Prtry></BkTxCd><NtryDtls><Btch><NbOfTxs>2</NbOfTxs></Btch><TxDtls><Amt Ccy="EUR">212057</Amt></TxDtls></NtryDtls></Ntry><Ntry><NtryRef>REF000010371734</NtryRef><Amt Ccy="EUR">199674.93</Amt><CdtDbtInd>DBIT</CdtDbtInd><AcctSvcrRef>REF000010389955</AcctSvcrRef><BkTxCd><Prtry><Cd>KLIRNG</Cd></Prtry></BkTxCd><NtryDtls><Btch><NbOfTxs>7</NbOfTxs></Btch><TxDtls><Amt Ccy="EUR">199674.93</Amt></TxDtls></NtryDtls></Ntry><Ntry><NtryRef>REF000010395235</NtryRef><Amt Ccy="EUR">980749.48</Amt><CdtDbtInd>DBIT</CdtDbtInd><AcctSvcrRef>REF000010408309</AcctSvcrRef><BkTxCd><Prtry><Cd>ATSISK</Cd></Prtry></BkTxCd><NtryDtls><Btch><NbOfTxs>2</NbOfTxs></Btch><TxDtls><Amt Ccy="EUR">980749.48</Amt></TxDtls></NtryDtls></Ntry><Ntry><NtryRef>REF000010419900</NtryRef><Amt Ccy="EUR">1546395.68</Amt><CdtDbtInd>DBIT</CdtDbtInd><AcctSvcrRef>REF000010429124</AcctSvcrRef><BkTxCd><Prtry><Cd>ATSISK</Cd></Prtry></BkTxCd><NtryDtls><Btch><NbOfTxs>4</NbOfTxs></Btch><TxDtls><Amt Ccy="EUR">1546395.68</Amt></TxDtls></NtryDtls></Ntry><Ntry><NtryRef>REF000010434704</NtryRef><Amt Ccy="EUR">61646.23</Amt><CdtDbtInd>DBIT</CdtDbtInd><AcctSvcrRef>REF000010444477</AcctSvcrRef><BkTxCd><Prtry><Cd>ATSISK</Cd></Prtry></BkTxCd><NtryDtls><Btch><NbOfTxs>3</NbOfTxs></Btch><TxDtls><Amt Ccy="EUR">61646.23</Amt></TxDtls></NtryDtls></Ntry><Ntry><NtryRef>REF000010451655</NtryRef><Amt Ccy="EUR">15071.25</Amt><CdtDbtInd>DBIT</CdtDbtInd><AcctSvcrRef>REF000010465284</AcctSvcrRef><BkTxCd><Prtry><Cd>ATSISK</Cd></Prtry></BkTxCd><NtryDtls><Btch><NbOfTxs>2</NbOfTxs></Btch><TxDtls><Amt Ccy="EUR">15071.25</Amt></TxDtls></NtryDtls></Ntry><Ntry><NtryRef>REF000010477078</NtryRef><Amt Ccy="EUR">2774.66</Amt><CdtDbtInd>CRDT</CdtDbtInd><AcctSvcrRef>REF000010482822</AcctSvcrRef><BkTxCd><Prtry><Cd>ATSISK</Cd></Prtry></BkTxCd><NtryDtls><Btch><NbOfTxs>1</NbOfTxs></Btch><TxDtls><Amt Ccy="EUR">2774.66</Amt></TxDtls></NtryDtls></Ntry><Ntry><NtryRef>REF000010497243</NtryRef><Amt Ccy="EUR">99124.22</Amt><CdtDbtInd>CRDT</CdtDbtInd><AcctSvcrRef>REF000010506477</AcctSvcrRef><BkTxCd><Prtry><Cd>ATSISK</Cd></Prtry></BkTxCd><NtryDtls><Btch><NbOfTxs>1</NbOfTxs></Btch><TxDtls><Amt Ccy="EUR">99124.22</Amt></TxDtls></NtryDtls></Ntry><Ntry><NtryRef>REF000010514093</NtryRef><Amt Ccy="EUR">27503.3</Amt><CdtDbtInd>DBIT</CdtDbtInd><AcctSvcrRef>REF000010523955</AcctSvcrRef><BkTxCd><Prtry><Cd>ATSISK</Cd></Prtry></BkTxCd><NtryDtls><Btch><NbOfTxs>1</NbOfTxs></Btch><TxDtls><Amt Ccy="EUR">27503.3</Amt></TxDtls></NtryDtls></Ntry></Stmt><Stmt><Id>MSG52070954-GYLMRX</Id><Acct><Id><Othr><Id>LT414319056143772570</Id></Othr></Id><Tp><Prtry>ATSSK2</Prtry></Tp><Ccy>EUR</Ccy><Ownr><Id><OrgId><AnyBIC>DEUTBEB4NDX</AnyBIC></OrgId></Id></Ownr></Acct><Bal><Tp><CdOrPrtry><Cd>OPBD</Cd></CdOrPrtry></Tp><Amt Ccy="EUR">801.55</Amt><Dt><Dt>2024-06-06</Dt></Dt><Avlbty><Amt Ccy="EUR">801.55</Amt></Avlbty></Bal><Bal><Tp><CdOrPrtry><Cd>CLBD</Cd></CdOrPrtry></Tp><Amt Ccy="EUR">801.55</Amt><Dt><Dt>2024-06-06</Dt></Dt><Avlbty><Amt Ccy="EUR">801.55</Amt></Avlbty></Bal></Stmt></BkToCstmrStmt></Document>
