<?xml version='1.0' encoding='utf-8'?>
<Document xmlns="urn:iso:std:iso:20022:tech:xsd:camt.053.001.08"><BkToCstmrStmt><GrpHdr><MsgId>MSG85943600-MFLMRM</MsgId><CreDtTm>2024-09-19T19:46:20.015+03:00</CreDtTm><MsgPgntn><PgNb>1</PgNb><LastPgInd>true</LastPgInd></MsgPgntn><OrgnlBizQry><MsgId>MSG86297126-NHCRHV</MsgId></OrgnlBizQry></GrpHdr><Stmt><Id>MSG75422636-PALAXE</Id><Acct><Id><Othr><Id>LT625883379695428516</Id></Othr></Id><Tp><Prtry>ATSISK</Prtry></Tp><Ccy>EUR</Ccy><Ownr><Id><OrgId><AnyBIC>DEUTBEB4NDX</AnyBIC></OrgId></Id></Ownr></Acct><Bal><Tp><CdOrPrtry><Cd>OPBD</Cd></CdOrPrtry></Tp><Amt Ccy="EUR">19811244.02</Amt><Dt><Dt>2024-09-19</Dt></Dt><Avlbty><Amt Ccy="EUR">19810244.02</Amt></Avlbty></Bal><Bal><Tp><CdOrPrtry><Cd>CLBD</Cd></CdOrPrtry></Tp><Amt Ccy="EUR">19933721.93</Amt><Dt><Dt>2024-09-19</Dt></Dt><Avlbty><Amt Ccy="EUR">19932721.93</Amt></Avlbty></Bal><Ntry><NtryRef>REF000022398280</NtryRef><Amt Ccy="EUR">1</Amt><CdtDbtInd>DBIT</CdtDbtInd><AcctSvcrRef>REF000022401452</AcctSvcrRef><BkTxCd><Prtry><Cd>ATSISK</Cd></Prtry></BkTxCd><NtryDtls><Btch><NbOfTxs>1</NbOfTxs></Btch><TxDtls><Amt Ccy="EUR">1</Amt></TxDtls></NtryDtls></Ntry><Ntry><NtryRef>REF000022411092</NtryRef><Amt Ccy="EUR">934299.2</Amt><CdtDbtInd>CRDT</CdtDbtInd><AcctSvcrRef>REF000022425239</AcctSvcrRef><BkTxCd><Prtry><Cd>ATSISK</Cd></Prtry></BkTxCd><NtryDtls><Btch><NbOfTxs>178</NbOfTxs></Btch><TxDtls><Amt Ccy="EUR">934299.2</Amt></TxDtls></NtryDtls></Ntry><Ntry><NtryRef>REF000022431092</NtryRef><Amt Ccy="EUR">621.54</Amt><CdtDbtInd>DBIT</CdtDbtInd><AcctSvcrRef>REF000022445239</AcctSvcrRef><BkTxCd><Prtry><Cd>ATSISK</Cd></Prtry></BkTxCd><NtryDtls><Btch><NbOfTxs>1</NbOfTxs></Btch><TxDtls><Amt Ccy="EUR">621.54</Amt></TxDtls></NtryDtls></Ntry><Ntry><NtryRef>REF000022458227</NtryRef><Amt Ccy="EUR">75756.9</Amt><CdtDbtInd>CRDT</CdtDbtInd><AcctSvcrRef>REF000022462605</AcctSvcrRef><BkTxCd><Prtry><Cd>ATSISK</Cd></Prtry></BkTxCd><NtryDtls><Btch><NbOfTxs>1</NbOfTxs></Btch><TxDtls><Amt Ccy="EUR">75756.9</Amt></TxDtls></NtryDtls></Ntry><Ntry><NtryRef>REF000022471734</NtryRef><Amt Ccy="EUR">580121.22</Amt><CdtDbtInd>DBIT</CdtDbtInd><AcctSvcrRef>REF000022489955</AcctSvcrRef><BkTxCd><Prtry><Cd>KLIRNG</Cd></Prtry></BkTxCd><NtryDtls><Btch><NbOfTxs>6</NbOfTxs></Btch><TxDtls><Amt Ccy="EUR">580121.22</Amt></TxDtls></NtryDtls></Ntry><Ntry><NtryRef>REF000022495235</NtryRef><Amt Ccy="EUR">276372.43</Amt><CdtDbtInd>DBIT</CdtDbtInd><AcctSvcrRef>REF000022508309</AcctSvcrRef><BkTxCd><Prtry><Cd>ATSISK</Cd></Prtry></BkTxCd><NtryDtls><Btch><NbOfTxs>1</NbOfTxs></Btch><TxDtls><Amt Ccy="EUR">276372.43</Amt></TxDtls></NtryDtls></Ntry><Ntry><NtryRef>REF000022519900</NtryRef><Amt Ccy="EUR">14406</Amt><CdtDbtInd>DBIT</CdtDbtInd><AcctSvcrRef>REF000022529124</AcctSvcrRef><BkTxCd><Prtry><Cd>ATSISK</Cd></Prtry></BkTxCd><NtryDtls><Btch><NbOfTxs>1</NbOfTxs></Btch><TxDtls><Amt Ccy="EUR">14406</Amt></TxDtls></NtryDtls></Ntry><Ntry><NtryRef>REF000022534704</NtryRef><Amt Ccy="EUR">16056</Amt><CdtDbtInd>DBIT</CdtDbtInd><AcctSvcrRef>REF000022544477</AcctSvcrRef><BkTxCd><Prtry><Cd>ATSISK</Cd></Prtry></BkTxCd><NtryDtls><Btch><NbOfTxs>1</NbOfTxs></Btch><TxDtls><Amt Ccy="EUR">16056</Amt></TxDtls></NtryDtls></Ntry></Stmt></BkToCstmrStmt></Document>
