<?xml version='1.0' encoding='utf-8'?>
<Document xmlns="urn:iso:std:iso:20022:tech:xsd:camt.053.001.08"><BkToCstmrStmt><GrpHdr><MsgId>MSG85943600-MFLMRM</MsgId><CreDtTm>2024-04-18T19:47:11.422+03:00</CreDtTm><MsgPgntn><PgNb>2</PgNb><LastPgInd>true</LastPgInd></MsgPgntn><OrgnlBizQry><MsgId>MSG88432075-HPMIMM</MsgId></OrgnlBizQry></GrpHdr><Stmt><Id>MSG48738593-SWODPV</Id><Acct><Id><Othr><Id>LT625883379695428516</Id></Othr></Id><Tp><Prtry>ATSISK</Prtry></Tp><Ccy>EUR</Ccy><Ownr><Id><OrgId><AnyBIC>DEUTBEB4NDX</AnyBIC></OrgId></Id></Ownr></Acct><Bal><Tp><CdOrPrtry><Cd>OPBD</Cd></CdOrPrtry></Tp><Amt Ccy="EUR">18888579.04</Amt><Dt><Dt>2024-04-18</Dt></Dt><Avlbty><Amt Ccy="EUR">18887579.04</Amt></Avlbty></Bal><Bal><Tp><CdOrPrtry><Cd>CLBD</Cd></CdOrPrtry></Tp><Amt Ccy="EUR">19517318.93</Amt><Dt><Dt>2024-04-18</Dt></Dt><Avlbty><Amt Ccy="EUR">19516318.93</Amt></Avlbty></Bal><Ntry><NtryRef>REF000004451558</NtryRef><Amt Ccy="EUR">921</Amt><CdtDbtInd>DBIT</CdtDbtInd><AcctSvcrRef>REF000004463800</AcctSvcrRef><BkTxCd><Prtry><Cd>ATSISK</Cd></Prtry></BkTxCd><NtryDtls><Btch><NbOfTxs>1</NbOfTxs></Btch><TxDtls><Amt Ccy="EUR">921</Amt></TxDtls></NtryDtls></Ntry><Ntry><NtryRef>REF000004471092</NtryRef><Amt Ccy="EUR">842685.3</Amt><CdtDbtInd>CRDT</CdtDbtInd><AcctSvcrRef>REF000004485239</AcctSvcrRef><BkTxCd><Prtry><Cd>ATSISK</Cd></Prtry></BkTxCd><NtryDtls><Btch><NbOfTxs>147</NbOfTxs></Btch><TxDtls><Amt Ccy="EUR">842685.3</Amt></TxDtls></NtryDtls></Ntry><Ntry><NtryRef>REF000004491331</NtryRef><Amt Ccy="EUR">4813</Amt><CdtDbtInd>DBIT</CdtDbtInd><AcctSvcrRef>REF000004501748</AcctSvcrRef><BkTxCd><Prtry><Cd>ATSISK</Cd></Prtry></BkTxCd><NtryDtls><Btch><NbOfTxs>1</NbOfTxs></Btch><TxDtls><Amt Ccy="EUR">4813</Amt></TxDtls></NtryDtls></Ntry><Ntry><NtryRef>REF000004511734</NtryRef><Amt Ccy="EUR">240509.41</Amt><CdtDbtInd>DBIT</CdtDbtInd><AcctSvcrRef>REF000004529955</AcctSvcrRef><BkTxCd><Prtry><Cd>KLIRNG</Cd></Prtry></BkTxCd><NtryDtls><Btch><NbOfTxs>7</NbOfTxs></Btch><TxDtls><Amt Ccy="EUR">240509.41</Amt></TxDtls></NtryDtls></Ntry><Ntry><NtryRef>REF000004536002</NtryRef><Amt Ccy="EUR">51472</Amt><CdtDbtInd>CRDT</CdtDbtInd><AcctSvcrRef>REF000004549457</AcctSvcrRef><BkTxCd><Prtry><Cd>ATSISK</Cd></Prtry></BkTxCd><NtryDtls><Btch><NbOfTxs>1</NbOfTxs></Btch><TxDtls><Amt Ccy="EUR">51472</Amt></TxDtls></NtryDtls></Ntry><Ntry><NtryRef>REF000004556776</NtryRef><Amt Ccy="EUR">24</Amt><CdtDbtInd>CRDT</CdtDbtInd><AcctSvcrRef>REF000004564080</AcctSvcrRef><BkTxCd><Prtry><Cd>ATSISK</Cd></Prtry></BkTxCd><NtryDtls><Btch><NbOfTxs>1</NbOfTxs></Btch><TxDtls><Amt Ccy="EUR">24</Amt></TxDtls></NtryDtls></Ntry><Ntry><NtryRef>REF000004574093</NtryRef><Amt Ccy="EUR">19198</Amt><CdtDbtInd>DBIT</CdtDbtInd><AcctSvcrRef>REF000004583955</AcctSvcrRef><BkTxCd><Prtry><Cd>ATSISK</Cd></Prtry></BkTxCd><NtryDtls><Btch><NbOfTxs>1</NbOfTxs></Btch><TxDtls><Amt Ccy="EUR">19198</Amt></TxDtls></NtryDtls></Ntry></Stmt><Stmt><Id>MSG58177940-FYAUJO</Id><Acct><Id><Othr><Id>LT414319056143772570</Id></Othr></Id><Tp><Prtry>ATSSK2</Prtry></Tp><Ccy>EUR</Ccy><Ownr><Id><OrgId><AnyBIC>DEUTBEB4NDX</AnyBIC></OrgId></Id></Ownr></Acct><Bal><Tp><CdOrPrtry><Cd>OPBD</Cd></CdOrPrtry></Tp><Amt Ccy="EUR">2801.55</Amt><Dt><Dt>2024-04-18</Dt></Dt><Avlbty><Amt Ccy="EUR">2801.55</Amt></Avlbty></Bal><Bal><Tp><CdOrPrtry><Cd>CLBD</Cd></CdOrPrtry></Tp><Amt Ccy="EUR">2801.55</Amt><Dt><Dt>2024-04-18</Dt></Dt><Avlbty><Amt Ccy="EUR">2801.55</Amt></Avlbty></Bal></Stmt></BkToCstmrStmt></Document>
