<?xml version='1.0' encoding='utf-8'?>
<Document xmlns="urn:iso:std:iso:20022:tech:xsd:camt.053.001.08"><BkToCstmrStmt><GrpHdr><MsgId>MSG85943600-MFLMRM</MsgId><CreDtTm>2024-04-25T19:46:22.110+03:00</CreDtTm><MsgPgntn><PgNb>2</PgNb><LastPgInd>true</LastPgInd></MsgPgntn><OrgnlBizQry><MsgId>MSG10759949-VFECED</MsgId></OrgnlBizQry></GrpHdr><Stmt><Id>MSG37642255-NHHYHG</Id><Acct><Id><Othr><Id>LT625883379695428516</Id></Othr></Id><Tp><Prtry>ATSISK</Prtry></Tp><Ccy>EUR</Ccy><Ownr><Id><OrgId><AnyBIC>DEUTBEB4NDX</AnyBIC></OrgId></Id></Ownr></Acct><Bal><Tp><CdOrPrtry><Cd>OPBD</Cd></CdOrPrtry></Tp><Amt Ccy="EUR">17857711.17</Amt><Dt><Dt>2024-04-25</Dt></Dt><Avlbty><Amt Ccy="EUR">17856711.17</Amt></Avlbty></Bal><Bal><Tp><CdOrPrtry><Cd>CLBD</Cd></CdOrPrtry></Tp><Amt Ccy="EUR">18255954.14</Amt><Dt><Dt>2024-04-25</Dt></Dt><Avlbty><Amt Ccy="EUR">18254954.14</Amt></Avlbty></Bal><Ntry><NtryRef>REF000005231558</NtryRef><Amt Ccy="EUR">1292</Amt><CdtDbtInd>DBIT</CdtDbtInd><AcctSvcrRef>REF000005243800</AcctSvcrRef><BkTxCd><Prtry><Cd>ATSISK</Cd></Prtry></BkTxCd><NtryDtls><Btch><NbOfTxs>1</NbOfTxs></Btch><TxDtls><Amt Ccy="EUR">1292</Amt></TxDtls></NtryDtls></Ntry><Ntry><NtryRef>REF000005259665</NtryRef><Amt Ccy="EUR">106895</Amt><CdtDbtInd>CRDT</CdtDbtInd><AcctSvcrRef>REF000005266020</AcctSvcrRef><BkTxCd><Prtry><Cd>ATSISK</Cd></Prtry></BkTxCd><NtryDtls><Btch><NbOfTxs>6</NbOfTxs></Btch><TxDtls><Amt Ccy="EUR">106895</Amt></TxDtls></NtryDtls></Ntry><Ntry><NtryRef>REF000005279665</NtryRef><Amt Ccy="EUR">106895</Amt><CdtDbtInd>DBIT</CdtDbtInd><AcctSvcrRef>REF000005286020</AcctSvcrRef><BkTxCd><Prtry><Cd>ATSISK</Cd></Prtry></BkTxCd><NtryDtls><Btch><NbOfTxs>6</NbOfTxs></Btch><TxDtls><Amt Ccy="EUR">106895</Amt></TxDtls></NtryDtls></Ntry><Ntry><NtryRef>REF000005291092</NtryRef><Amt Ccy="EUR">1056680.72</Amt><CdtDbtInd>CRDT</CdtDbtInd><AcctSvcrRef>REF000005305239</AcctSvcrRef><BkTxCd><Prtry><Cd>ATSISK</Cd></Prtry></BkTxCd><NtryDtls><Btch><NbOfTxs>113</NbOfTxs></Btch><TxDtls><Amt Ccy="EUR">1056680.72</Amt></TxDtls></NtryDtls></Ntry><Ntry><NtryRef>REF000005311331</NtryRef><Amt Ccy="EUR">2730</Amt><CdtDbtInd>DBIT</CdtDbtInd><AcctSvcrRef>REF000005321748</AcctSvcrRef><BkTxCd><Prtry><Cd>ATSISK</Cd></Prtry></BkTxCd><NtryDtls><Btch><NbOfTxs>1</NbOfTxs></Btch><TxDtls><Amt Ccy="EUR">2730</Amt></TxDtls></NtryDtls></Ntry><Ntry><NtryRef>REF000005339163</NtryRef><Amt Ccy="EUR">250</Amt><CdtDbtInd>CRDT</CdtDbtInd><AcctSvcrRef>REF000005348816</AcctSvcrRef><BkTxCd><Prtry><Cd>ATSISK</Cd></Prtry></BkTxCd><NtryDtls><Btch><NbOfTxs>1</NbOfTxs></Btch><TxDtls><Amt Ccy="EUR">250</Amt></TxDtls></NtryDtls></Ntry><Ntry><NtryRef>REF000005351734</NtryRef><Amt Ccy="EUR">547770.75</Amt><CdtDbtInd>DBIT</CdtDbtInd><AcctSvcrRef>REF000005369955</AcctSvcrRef><BkTxCd><Prtry><Cd>KLIRNG</Cd></Prtry></BkTxCd><NtryDtls><Btch><NbOfTxs>7</NbOfTxs></Btch><TxDtls><Amt Ccy="EUR">547770.75</Amt></TxDtls></NtryDtls></Ntry><Ntry><NtryRef>REF000005375235</NtryRef><Amt Ccy="EUR">106895</Amt><CdtDbtInd>DBIT</CdtDbtInd><AcctSvcrRef>REF000005388309</AcctSvcrRef><BkTxCd><Prtry><Cd>ATSISK</Cd></Prtry></BkTxCd><NtryDtls><Btch><NbOfTxs>6</NbOfTxs></Btch><TxDtls><Amt Ccy="EUR">106895</Amt></TxDtls></NtryDtls></Ntry></Stmt><Stmt><Id>MSG66927788-VQCVNT</Id><Acct><Id><Othr><Id>LT414319056143772570</Id></Othr></Id><Tp><Prtry>ATSSK2</Prtry></Tp><Ccy>EUR</Ccy><Ownr><Id><OrgId><AnyBIC>DEUTBEB4NDX</AnyBIC></OrgId></Id></Ownr></Acct><Bal><Tp><CdOrPrtry><Cd>OPBD</Cd></CdOrPrtry></Tp><Amt Ccy="EUR">801.55</Amt><Dt><Dt>2024-04-25</Dt></Dt><Avlbty><Amt Ccy="EUR">801.55</Amt></Avlbty></Bal><Bal><Tp><CdOrPrtry><Cd>CLBD</Cd></CdOrPrtry></Tp><Amt Ccy="EUR">801.55</Amt><Dt><Dt>2024-04-25</Dt></Dt><Avlbty><Amt Ccy="EUR">801.55</Amt></Avlbty></Bal></Stmt></BkToCstmrStmt></Document>
