<?xml version='1.0' encoding='utf-8'?>
<Document xmlns="urn:iso:std:iso:20022:tech:xsd:camt.053.001.08"><BkToCstmrStmt><GrpHdr><MsgId>MSG85943600-MFLMRM</MsgId><CreDtTm>2024-10-14T19:48:25.956+03:00</CreDtTm><MsgPgntn><PgNb>1</PgNb><LastPgInd>true</LastPgInd></MsgPgntn><OrgnlBizQry><MsgId>MSG39643231-ASKCHQ</MsgId></OrgnlBizQry></GrpHdr><Stmt><Id>MSG37942729-KATNPF</Id><Acct><Id><Othr><Id>LT625883379695428516</Id></Othr></Id><Tp><Prtry>ATSISK</Prtry></Tp><Ccy>EUR</Ccy><Ownr><Id><OrgId><AnyBIC>DEUTBEB4NDX</AnyBIC></OrgId></Id></Ownr></Acct><Bal><Tp><CdOrPrtry><Cd>OPBD</Cd></CdOrPrtry></Tp><Amt Ccy="EUR">17999511.67</Amt><Dt><Dt>2024-10-14</Dt></Dt><Avlbty><Amt Ccy="EUR">17998511.67</Amt></Avlbty></Bal><Bal><Tp><CdOrPrtry><Cd>CLBD</Cd></CdOrPrtry></Tp><Amt Ccy="EUR">17832879.36</Amt><Dt><Dt>2024-10-14</Dt></Dt><Avlbty><Amt Ccy="EUR">17831879.36</Amt></Avlbty></Bal><Ntry><NtryRef>REF000025477264</NtryRef><Amt Ccy="EUR">109</Amt><CdtDbtInd>CRDT</CdtDbtInd><AcctSvcrRef>REF000025486646</AcctSvcrRef><BkTxCd><Prtry><Cd>ATSISK</Cd></Prtry></BkTxCd><NtryDtls><Btch><NbOfTxs>1</NbOfTxs></Btch><TxDtls><Amt Ccy="EUR">109</Amt></TxDtls></NtryDtls></Ntry><Ntry><NtryRef>REF000025497264</NtryRef><Amt Ccy="EUR">416</Amt><CdtDbtInd>DBIT</CdtDbtInd><AcctSvcrRef>REF000025506646</AcctSvcrRef><BkTxCd><Prtry><Cd>ATSISK</Cd></Prtry></BkTxCd><NtryDtls><Btch><NbOfTxs>2</NbOfTxs></Btch><TxDtls><Amt Ccy="EUR">416</Amt></TxDtls></NtryDtls></Ntry><Ntry><NtryRef>REF000025511092</NtryRef><Amt Ccy="EUR">1376985.94</Amt><CdtDbtInd>CRDT</CdtDbtInd><AcctSvcrRef>REF000025525239</AcctSvcrRef><BkTxCd><Prtry><Cd>ATSISK</Cd></Prtry></BkTxCd><NtryDtls><Btch><NbOfTxs>276</NbOfTxs></Btch><TxDtls><Amt Ccy="EUR">1376985.94</Amt></TxDtls></NtryDtls></Ntry><Ntry><NtryRef>REF000025538025</NtryRef><Amt Ccy="EUR">100</Amt><CdtDbtInd>DBIT</CdtDbtInd><AcctSvcrRef>REF000025543704</AcctSvcrRef><BkTxCd><Prtry><Cd>ATSISK</Cd></Prtry></BkTxCd><NtryDtls><Btch><NbOfTxs>1</NbOfTxs></Btch><TxDtls><Amt Ccy="EUR">100</Amt></TxDtls></NtryDtls></Ntry><Ntry><NtryRef>REF000025552539</NtryRef><Amt Ccy="EUR">10</Amt><CdtDbtInd>CRDT</CdtDbtInd><AcctSvcrRef>REF000025564837</AcctSvcrRef><BkTxCd><Prtry><Cd>ATSISK</Cd></Prtry></BkTxCd><NtryDtls><Btch><NbOfTxs>1</NbOfTxs></Btch><TxDtls><Amt Ccy="EUR">10</Amt></TxDtls></NtryDtls></Ntry><Ntry><NtryRef>REF000025578851</NtryRef><Amt Ccy="EUR">559.02</Amt><CdtDbtInd>DBIT</CdtDbtInd><AcctSvcrRef>REF000025581558</AcctSvcrRef><BkTxCd><Prtry><Cd>ATSISK</Cd></Prtry></BkTxCd><NtryDtls><Btch><NbOfTxs>1</NbOfTxs></Btch><TxDtls><Amt Ccy="EUR">559.02</Amt></TxDtls></NtryDtls></Ntry><Ntry><NtryRef>REF000025599163</NtryRef><Amt Ccy="EUR">374215.18</Amt><CdtDbtInd>DBIT</CdtDbtInd><AcctSvcrRef>REF000025608816</AcctSvcrRef><BkTxCd><Prtry><Cd>ATSISK</Cd></Prtry></BkTxCd><NtryDtls><Btch><NbOfTxs>1</NbOfTxs></Btch><TxDtls><Amt Ccy="EUR">374215.18</Amt></TxDtls></NtryDtls></Ntry><Ntry><NtryRef>REF000025611734</NtryRef><Amt Ccy="EUR">1021784.05</Amt><CdtDbtInd>DBIT</CdtDbtInd><AcctSvcrRef>REF000025629955</AcctSvcrRef><BkTxCd><Prtry><Cd>KLIRNG</Cd></Prtry></BkTxCd><NtryDtls><Btch><NbOfTxs>8</NbOfTxs></Btch><TxDtls><Amt Ccy="EUR">1021784.05</Amt></TxDtls></NtryDtls></Ntry><Ntry><NtryRef>REF000025635235</NtryRef><Amt Ccy="EUR">59167</Amt><CdtDbtInd>DBIT</CdtDbtInd><AcctSvcrRef>REF000025648309</AcctSvcrRef><BkTxCd><Prtry><Cd>ATSISK</Cd></Prtry></BkTxCd><NtryDtls><Btch><NbOfTxs>1</NbOfTxs></Btch><TxDtls><Amt Ccy="EUR">59167</Amt></TxDtls></NtryDtls></Ntry><Ntry><NtryRef>REF000025659900</NtryRef><Amt Ccy="EUR">26258</Amt><CdtDbtInd>DBIT</CdtDbtInd><AcctSvcrRef>REF000025669124</AcctSvcrRef><BkTxCd><Prtry><Cd>ATSISK</Cd></Prtry></BkTxCd><NtryDtls><Btch><NbOfTxs>2</NbOfTxs></Btch><TxDtls><Amt Ccy="EUR">26258</Amt></TxDtls></NtryDtls></Ntry><Ntry><NtryRef>REF000025671655</NtryRef><Amt Ccy="EUR">60660</Amt><CdtDbtInd>DBIT</CdtDbtInd><AcctSvcrRef>REF000025685284</AcctSvcrRef><BkTxCd><Prtry><Cd>ATSISK</Cd></Prtry></BkTxCd><NtryDtls><Btch><NbOfTxs>3</NbOfTxs></Btch><TxDtls><Amt Ccy="EUR">60660</Amt></TxDtls></NtryDtls></Ntry><Ntry><NtryRef>REF000025694093</NtryRef><Amt Ccy="EUR">578</Amt><CdtDbtInd>DBIT</CdtDbtInd><AcctSvcrRef>REF000025703955</AcctSvcrRef><BkTxCd><Prtry><Cd>ATSISK</Cd></Prtry></BkTxCd><NtryDtls><Btch><NbOfTxs>1</NbOfTxs></Btch><TxDtls><Amt Ccy="EUR">578</Amt></TxDtls></NtryDtls></Ntry></Stmt></BkToCstmrStmt></Document>
