<?xml version='1.0' encoding='utf-8'?>
<Document xmlns="urn:iso:std:iso:20022:tech:xsd:camt.053.001.08"><BkToCstmrStmt><GrpHdr><MsgId>MSG85943600-MFLMRM</MsgId><CreDtTm>2024-10-03T19:47:17.546+03:00</CreDtTm><MsgPgntn><PgNb>1</PgNb><LastPgInd>true</LastPgInd></MsgPgntn><OrgnlBizQry><MsgId>MSG60884699-YKQIVA</MsgId></OrgnlBizQry></GrpHdr><Stmt><Id>MSG33601906-AILFIL</Id><Acct><Id><Othr><Id>LT625883379695428516</Id></Othr></Id><Tp><Prtry>ATSISK</Prtry></Tp><Ccy>EUR</Ccy><Ownr><Id><OrgId><AnyBIC>DEUTBEB4NDX</AnyBIC></OrgId></Id></Ownr></Acct><Bal><Tp><CdOrPrtry><Cd>OPBD</Cd></CdOrPrtry></Tp><Amt Ccy="EUR">21130980.85</Amt><Dt><Dt>2024-10-03</Dt></Dt><Avlbty><Amt Ccy="EUR">21129980.85</Amt></Avlbty></Bal><Bal><Tp><CdOrPrtry><Cd>CLBD</Cd></CdOrPrtry></Tp><Amt Ccy="EUR">21594421.63</Amt><Dt><Dt>2024-10-03</Dt></Dt><Avlbty><Amt Ccy="EUR">21593421.63</Amt></Avlbty></Bal><Ntry><NtryRef>REF000024077264</NtryRef><Amt Ccy="EUR">629</Amt><CdtDbtInd>DBIT</CdtDbtInd><AcctSvcrRef>REF000024086646</AcctSvcrRef><BkTxCd><Prtry><Cd>ATSISK</Cd></Prtry></BkTxCd><NtryDtls><Btch><NbOfTxs>2</NbOfTxs></Btch><TxDtls><Amt Ccy="EUR">629</Amt></TxDtls></NtryDtls></Ntry><Ntry><NtryRef>REF000024093248</NtryRef><Amt Ccy="EUR">3000</Amt><CdtDbtInd>DBIT</CdtDbtInd><AcctSvcrRef>REF000024106048</AcctSvcrRef><BkTxCd><Prtry><Cd>ATSISK</Cd></Prtry></BkTxCd><NtryDtls><Btch><NbOfTxs>1</NbOfTxs></Btch><TxDtls><Amt Ccy="EUR">3000</Amt></TxDtls></NtryDtls></Ntry><Ntry><NtryRef>REF000024118280</NtryRef><Amt Ccy="EUR">100</Amt><CdtDbtInd>DBIT</CdtDbtInd><AcctSvcrRef>REF000024121452</AcctSvcrRef><BkTxCd><Prtry><Cd>ATSISK</Cd></Prtry></BkTxCd><NtryDtls><Btch><NbOfTxs>1</NbOfTxs></Btch><TxDtls><Amt Ccy="EUR">100</Amt></TxDtls></NtryDtls></Ntry><Ntry><NtryRef>REF000024131092</NtryRef><Amt Ccy="EUR">706106.73</Amt><CdtDbtInd>CRDT</CdtDbtInd><AcctSvcrRef>REF000024145239</AcctSvcrRef><BkTxCd><Prtry><Cd>ATSISK</Cd></Prtry></BkTxCd><NtryDtls><Btch><NbOfTxs>256</NbOfTxs></Btch><TxDtls><Amt Ccy="EUR">706106.73</Amt></TxDtls></NtryDtls></Ntry><Ntry><NtryRef>REF000024158851</NtryRef><Amt Ccy="EUR">300</Amt><CdtDbtInd>CRDT</CdtDbtInd><AcctSvcrRef>REF000024161558</AcctSvcrRef><BkTxCd><Prtry><Cd>ATSISK</Cd></Prtry></BkTxCd><NtryDtls><Btch><NbOfTxs>1</NbOfTxs></Btch><TxDtls><Amt Ccy="EUR">300</Amt></TxDtls></NtryDtls></Ntry><Ntry><NtryRef>REF000024171734</NtryRef><Amt Ccy="EUR">370840.56</Amt><CdtDbtInd>DBIT</CdtDbtInd><AcctSvcrRef>REF000024189955</AcctSvcrRef><BkTxCd><Prtry><Cd>KLIRNG</Cd></Prtry></BkTxCd><NtryDtls><Btch><NbOfTxs>7</NbOfTxs></Btch><TxDtls><Amt Ccy="EUR">370840.56</Amt></TxDtls></NtryDtls></Ntry><Ntry><NtryRef>REF000024198735</NtryRef><Amt Ccy="EUR">11617.54</Amt><CdtDbtInd>CRDT</CdtDbtInd><AcctSvcrRef>REF000024205676</AcctSvcrRef><BkTxCd><Prtry><Cd>ATSISK</Cd></Prtry></BkTxCd><NtryDtls><Btch><NbOfTxs>2</NbOfTxs></Btch><TxDtls><Amt Ccy="EUR">11617.54</Amt></TxDtls></NtryDtls></Ntry><Ntry><NtryRef>REF000024211655</NtryRef><Amt Ccy="EUR">1206.66</Amt><CdtDbtInd>CRDT</CdtDbtInd><AcctSvcrRef>REF000024225284</AcctSvcrRef><BkTxCd><Prtry><Cd>ATSISK</Cd></Prtry></BkTxCd><NtryDtls><Btch><NbOfTxs>3</NbOfTxs></Btch><TxDtls><Amt Ccy="EUR">1206.66</Amt></TxDtls></NtryDtls></Ntry><Ntry><NtryRef>REF000024231655</NtryRef><Amt Ccy="EUR">2175</Amt><CdtDbtInd>DBIT</CdtDbtInd><AcctSvcrRef>REF000024245284</AcctSvcrRef><BkTxCd><Prtry><Cd>ATSISK</Cd></Prtry></BkTxCd><NtryDtls><Btch><NbOfTxs>1</NbOfTxs></Btch><TxDtls><Amt Ccy="EUR">2175</Amt></TxDtls></NtryDtls></Ntry><Ntry><NtryRef>REF000024257243</NtryRef><Amt Ccy="EUR">120954.41</Amt><CdtDbtInd>CRDT</CdtDbtInd><AcctSvcrRef>REF000024266477</AcctSvcrRef><BkTxCd><Prtry><Cd>ATSISK</Cd></Prtry></BkTxCd><NtryDtls><Btch><NbOfTxs>1</NbOfTxs></Btch><TxDtls><Amt Ccy="EUR">120954.41</Amt></TxDtls></NtryDtls></Ntry></Stmt></BkToCstmrStmt></Document>
