<?xml version='1.0' encoding='utf-8'?>
<Document xmlns="urn:iso:std:iso:20022:tech:xsd:camt.053.001.08"><BkToCstmrStmt><GrpHdr><MsgId>MSG85943600-MFLMRM</MsgId><CreDtTm>2024-09-25T19:47:13.561+03:00</CreDtTm><MsgPgntn><PgNb>1</PgNb><LastPgInd>true</LastPgInd></MsgPgntn><OrgnlBizQry><MsgId>MSG43611871-QJSOMZ</MsgId></OrgnlBizQry></GrpHdr><Stmt><Id>MSG31266570-PWBZBH</Id><Acct><Id><Othr><Id>LT625883379695428516</Id></Othr></Id><Tp><Prtry>ATSISK</Prtry></Tp><Ccy>EUR</Ccy><Ownr><Id><OrgId><AnyBIC>DEUTBEB4NDX</AnyBIC></OrgId></Id></Ownr></Acct><Bal><Tp><CdOrPrtry><Cd>OPBD</Cd></CdOrPrtry></Tp><Amt Ccy="EUR">20587753.59</Amt><Dt><Dt>2024-09-25</Dt></Dt><Avlbty><Amt Ccy="EUR">20586753.59</Amt></Avlbty></Bal><Bal><Tp><CdOrPrtry><Cd>CLBD</Cd></CdOrPrtry></Tp><Amt Ccy="EUR">21293847.18</Amt><Dt><Dt>2024-09-25</Dt></Dt><Avlbty><Amt Ccy="EUR">21292847.18</Amt></Avlbty></Bal><Ntry><NtryRef>REF000023017264</NtryRef><Amt Ccy="EUR">1914.82</Amt><CdtDbtInd>CRDT</CdtDbtInd><AcctSvcrRef>REF000023026646</AcctSvcrRef><BkTxCd><Prtry><Cd>ATSISK</Cd></Prtry></BkTxCd><NtryDtls><Btch><NbOfTxs>1</NbOfTxs></Btch><TxDtls><Amt Ccy="EUR">1914.82</Amt></TxDtls></NtryDtls></Ntry><Ntry><NtryRef>REF000023031092</NtryRef><Amt Ccy="EUR">1870319.8</Amt><CdtDbtInd>CRDT</CdtDbtInd><AcctSvcrRef>REF000023045239</AcctSvcrRef><BkTxCd><Prtry><Cd>ATSISK</Cd></Prtry></BkTxCd><NtryDtls><Btch><NbOfTxs>174</NbOfTxs></Btch><TxDtls><Amt Ccy="EUR">1870319.8</Amt></TxDtls></NtryDtls></Ntry><Ntry><NtryRef>REF000023058025</NtryRef><Amt Ccy="EUR">2.1</Amt><CdtDbtInd>DBIT</CdtDbtInd><AcctSvcrRef>REF000023063704</AcctSvcrRef><BkTxCd><Prtry><Cd>ATSISK</Cd></Prtry></BkTxCd><NtryDtls><Btch><NbOfTxs>1</NbOfTxs></Btch><TxDtls><Amt Ccy="EUR">2.1</Amt></TxDtls></NtryDtls></Ntry><Ntry><NtryRef>REF000023078851</NtryRef><Amt Ccy="EUR">309</Amt><CdtDbtInd>CRDT</CdtDbtInd><AcctSvcrRef>REF000023081558</AcctSvcrRef><BkTxCd><Prtry><Cd>ATSISK</Cd></Prtry></BkTxCd><NtryDtls><Btch><NbOfTxs>2</NbOfTxs></Btch><TxDtls><Amt Ccy="EUR">309</Amt></TxDtls></NtryDtls></Ntry><Ntry><NtryRef>REF000023099163</NtryRef><Amt Ccy="EUR">374215.18</Amt><CdtDbtInd>DBIT</CdtDbtInd><AcctSvcrRef>REF000023108816</AcctSvcrRef><BkTxCd><Prtry><Cd>ATSISK</Cd></Prtry></BkTxCd><NtryDtls><Btch><NbOfTxs>1</NbOfTxs></Btch><TxDtls><Amt Ccy="EUR">374215.18</Amt></TxDtls></NtryDtls></Ntry><Ntry><NtryRef>REF000023111734</NtryRef><Amt Ccy="EUR">727378.4</Amt><CdtDbtInd>DBIT</CdtDbtInd><AcctSvcrRef>REF000023129955</AcctSvcrRef><BkTxCd><Prtry><Cd>KLIRNG</Cd></Prtry></BkTxCd><NtryDtls><Btch><NbOfTxs>5</NbOfTxs></Btch><TxDtls><Amt Ccy="EUR">727378.4</Amt></TxDtls></NtryDtls></Ntry><Ntry><NtryRef>REF000023139344</NtryRef><Amt Ccy="EUR">15000</Amt><CdtDbtInd>CRDT</CdtDbtInd><AcctSvcrRef>REF000023141099</AcctSvcrRef><BkTxCd><Prtry><Cd>ATSISK</Cd></Prtry></BkTxCd><NtryDtls><Btch><NbOfTxs>1</NbOfTxs></Btch><TxDtls><Amt Ccy="EUR">15000</Amt></TxDtls></NtryDtls></Ntry><Ntry><NtryRef>REF000023152615</NtryRef><Amt Ccy="EUR">103060.93</Amt><CdtDbtInd>DBIT</CdtDbtInd><AcctSvcrRef>REF000023167676</AcctSvcrRef><BkTxCd><Prtry><Cd>ATSISK</Cd></Prtry></BkTxCd><NtryDtls><Btch><NbOfTxs>1</NbOfTxs></Btch><TxDtls><Amt Ccy="EUR">103060.93</Amt></TxDtls></NtryDtls></Ntry><Ntry><NtryRef>REF000023178735</NtryRef><Amt Ccy="EUR">23206.58</Amt><CdtDbtInd>CRDT</CdtDbtInd><AcctSvcrRef>REF000023185676</AcctSvcrRef><BkTxCd><Prtry><Cd>ATSISK</Cd></Prtry></BkTxCd><NtryDtls><Btch><NbOfTxs>2</NbOfTxs></Btch><TxDtls><Amt Ccy="EUR">23206.58</Amt></TxDtls></NtryDtls></Ntry></Stmt></BkToCstmrStmt></Document>
