<?xml version='1.0' encoding='utf-8'?>
<Document xmlns="urn:iso:std:iso:20022:tech:xsd:camt.053.001.08"><BkToCstmrStmt><GrpHdr><MsgId>MSG85943600-MFLMRM</MsgId><CreDtTm>2024-08-30T19:46:34.363+03:00</CreDtTm><MsgPgntn><PgNb>1</PgNb><LastPgInd>true</LastPgInd></MsgPgntn><OrgnlBizQry><MsgId>MSG20434667-MWRHIG</MsgId></OrgnlBizQry></GrpHdr><Stmt><Id>MSG49326483-WFGAMQ</Id><Acct><Id><Othr><Id>LT625883379695428516</Id></Othr></Id><Tp><Prtry>ATSISK</Prtry></Tp><Ccy>EUR</Ccy><Ownr><Id><OrgId><AnyBIC>DEUTBEB4NDX</AnyBIC></OrgId></Id></Ownr></Acct><Bal><Tp><CdOrPrtry><Cd>OPBD</Cd></CdOrPrtry></Tp><Amt Ccy="EUR">16330637.53</Amt><Dt><Dt>2024-08-30</Dt></Dt><Avlbty><Amt Ccy="EUR">16329637.53</Amt></Avlbty></Bal><Bal><Tp><CdOrPrtry><Cd>CLBD</Cd></CdOrPrtry></Tp><Amt Ccy="EUR">17186810.84</Amt><Dt><Dt>2024-08-30</Dt></Dt><Avlbty><Amt Ccy="EUR">17185810.84</Amt></Avlbty></Bal><Ntry><NtryRef>REF000020011092</NtryRef><Amt Ccy="EUR">2506544.16</Amt><CdtDbtInd>CRDT</CdtDbtInd><AcctSvcrRef>REF000020025239</AcctSvcrRef><BkTxCd><Prtry><Cd>ATSISK</Cd></Prtry></BkTxCd><NtryDtls><Btch><NbOfTxs>272</NbOfTxs></Btch><TxDtls><Amt Ccy="EUR">2506544.16</Amt></TxDtls></NtryDtls></Ntry><Ntry><NtryRef>REF000020031734</NtryRef><Amt Ccy="EUR">811452.7</Amt><CdtDbtInd>DBIT</CdtDbtInd><AcctSvcrRef>REF000020049955</AcctSvcrRef><BkTxCd><Prtry><Cd>KLIRNG</Cd></Prtry></BkTxCd><NtryDtls><Btch><NbOfTxs>6</NbOfTxs></Btch><TxDtls><Amt Ccy="EUR">811452.7</Amt></TxDtls></NtryDtls></Ntry><Ntry><NtryRef>REF000020055235</NtryRef><Amt Ccy="EUR">856885</Amt><CdtDbtInd>DBIT</CdtDbtInd><AcctSvcrRef>REF000020068309</AcctSvcrRef><BkTxCd><Prtry><Cd>ATSISK</Cd></Prtry></BkTxCd><NtryDtls><Btch><NbOfTxs>1</NbOfTxs></Btch><TxDtls><Amt Ccy="EUR">856885</Amt></TxDtls></NtryDtls></Ntry><Ntry><NtryRef>REF000020073697</NtryRef><Amt Ccy="EUR">18303.16</Amt><CdtDbtInd>CRDT</CdtDbtInd><AcctSvcrRef>REF000020082611</AcctSvcrRef><BkTxCd><Prtry><Cd>ATSISK</Cd></Prtry></BkTxCd><NtryDtls><Btch><NbOfTxs>1</NbOfTxs></Btch><TxDtls><Amt Ccy="EUR">18303.16</Amt></TxDtls></NtryDtls></Ntry><Ntry><NtryRef>REF000020096345</NtryRef><Amt Ccy="EUR">336.31</Amt><CdtDbtInd>DBIT</CdtDbtInd><AcctSvcrRef>REF000020103156</AcctSvcrRef><BkTxCd><Prtry><Cd>ATSISK</Cd></Prtry></BkTxCd><NtryDtls><Btch><NbOfTxs>1</NbOfTxs></Btch><TxDtls><Amt Ccy="EUR">336.31</Amt></TxDtls></NtryDtls></Ntry></Stmt></BkToCstmrStmt></Document>
