<?xml version='1.0' encoding='utf-8'?>
<Document xmlns="urn:iso:std:iso:20022:tech:xsd:camt.053.001.08"><BkToCstmrStmt><GrpHdr><MsgId>MSG85943600-MFLMRM</MsgId><CreDtTm>2024-05-29T19:47:18.092+03:00</CreDtTm><MsgPgntn><PgNb>2</PgNb><LastPgInd>true</LastPgInd></MsgPgntn><OrgnlBizQry><MsgId>MSG19592408-RIMUPJ</MsgId></OrgnlBizQry></GrpHdr><Stmt><Id>MSG54269496-RDOVVJ</Id><Acct><Id><Othr><Id>LT625883379695428516</Id></Othr></Id><Tp><Prtry>ATSISK</Prtry></Tp><Ccy>EUR</Ccy><Ownr><Id><OrgId><AnyBIC>DEUTBEB4NDX</AnyBIC></OrgId></Id></Ownr></Acct><Bal><Tp><CdOrPrtry><Cd>OPBD</Cd></CdOrPrtry></Tp><Amt Ccy="EUR">17488554.53</Amt><Dt><Dt>2024-05-29</Dt></Dt><Avlbty><Amt Ccy="EUR">17487554.53</Amt></Avlbty></Bal><Bal><Tp><CdOrPrtry><Cd>CLBD</Cd></CdOrPrtry></Tp><Amt Ccy="EUR">20052143.83</Amt><Dt><Dt>2024-05-29</Dt></Dt><Avlbty><Amt Ccy="EUR">20051143.83</Amt></Avlbty></Bal><Ntry><NtryRef>REF000009437264</NtryRef><Amt Ccy="EUR">50</Amt><CdtDbtInd>CRDT</CdtDbtInd><AcctSvcrRef>REF000009446646</AcctSvcrRef><BkTxCd><Prtry><Cd>ATSISK</Cd></Prtry></BkTxCd><NtryDtls><Btch><NbOfTxs>1</NbOfTxs></Btch><TxDtls><Amt Ccy="EUR">50</Amt></TxDtls></NtryDtls></Ntry><Ntry><NtryRef>REF000009451092</NtryRef><Amt Ccy="EUR">2952742.53</Amt><CdtDbtInd>CRDT</CdtDbtInd><AcctSvcrRef>REF000009465239</AcctSvcrRef><BkTxCd><Prtry><Cd>ATSISK</Cd></Prtry></BkTxCd><NtryDtls><Btch><NbOfTxs>166</NbOfTxs></Btch><TxDtls><Amt Ccy="EUR">2952742.53</Amt></TxDtls></NtryDtls></Ntry><Ntry><NtryRef>REF000009471331</NtryRef><Amt Ccy="EUR">1783</Amt><CdtDbtInd>DBIT</CdtDbtInd><AcctSvcrRef>REF000009481748</AcctSvcrRef><BkTxCd><Prtry><Cd>ATSISK</Cd></Prtry></BkTxCd><NtryDtls><Btch><NbOfTxs>1</NbOfTxs></Btch><TxDtls><Amt Ccy="EUR">1783</Amt></TxDtls></NtryDtls></Ntry><Ntry><NtryRef>REF000009491734</NtryRef><Amt Ccy="EUR">233415.16</Amt><CdtDbtInd>DBIT</CdtDbtInd><AcctSvcrRef>REF000009509955</AcctSvcrRef><BkTxCd><Prtry><Cd>KLIRNG</Cd></Prtry></BkTxCd><NtryDtls><Btch><NbOfTxs>7</NbOfTxs></Btch><TxDtls><Amt Ccy="EUR">233415.16</Amt></TxDtls></NtryDtls></Ntry><Ntry><NtryRef>REF000009515235</NtryRef><Amt Ccy="EUR">40276</Amt><CdtDbtInd>DBIT</CdtDbtInd><AcctSvcrRef>REF000009528309</AcctSvcrRef><BkTxCd><Prtry><Cd>ATSISK</Cd></Prtry></BkTxCd><NtryDtls><Btch><NbOfTxs>2</NbOfTxs></Btch><TxDtls><Amt Ccy="EUR">40276</Amt></TxDtls></NtryDtls></Ntry><Ntry><NtryRef>REF000009539900</NtryRef><Amt Ccy="EUR">5053</Amt><CdtDbtInd>DBIT</CdtDbtInd><AcctSvcrRef>REF000009549124</AcctSvcrRef><BkTxCd><Prtry><Cd>ATSISK</Cd></Prtry></BkTxCd><NtryDtls><Btch><NbOfTxs>1</NbOfTxs></Btch><TxDtls><Amt Ccy="EUR">5053</Amt></TxDtls></NtryDtls></Ntry><Ntry><NtryRef>REF000009552615</NtryRef><Amt Ccy="EUR">107092.07</Amt><CdtDbtInd>DBIT</CdtDbtInd><AcctSvcrRef>REF000009567676</AcctSvcrRef><BkTxCd><Prtry><Cd>ATSISK</Cd></Prtry></BkTxCd><NtryDtls><Btch><NbOfTxs>1</NbOfTxs></Btch><TxDtls><Amt Ccy="EUR">107092.07</Amt></TxDtls></NtryDtls></Ntry><Ntry><NtryRef>REF000009574093</NtryRef><Amt Ccy="EUR">1584</Amt><CdtDbtInd>DBIT</CdtDbtInd><AcctSvcrRef>REF000009583955</AcctSvcrRef><BkTxCd><Prtry><Cd>ATSISK</Cd></Prtry></BkTxCd><NtryDtls><Btch><NbOfTxs>1</NbOfTxs></Btch><TxDtls><Amt Ccy="EUR">1584</Amt></TxDtls></NtryDtls></Ntry></Stmt><Stmt><Id>MSG15903051-PALAWH</Id><Acct><Id><Othr><Id>LT414319056143772570</Id></Othr></Id><Tp><Prtry>ATSSK2</Prtry></Tp><Ccy>EUR</Ccy><Ownr><Id><OrgId><AnyBIC>DEUTBEB4NDX</AnyBIC></OrgId></Id></Ownr></Acct><Bal><Tp><CdOrPrtry><Cd>OPBD</Cd></CdOrPrtry></Tp><Amt Ccy="EUR">801.55</Amt><Dt><Dt>2024-05-29</Dt></Dt><Avlbty><Amt Ccy="EUR">801.55</Amt></Avlbty></Bal><Bal><Tp><CdOrPrtry><Cd>CLBD</Cd></CdOrPrtry></Tp><Amt Ccy="EUR">801.55</Amt><Dt><Dt>2024-05-29</Dt></Dt><Avlbty><Amt Ccy="EUR">801.55</Amt></Avlbty></Bal></Stmt></BkToCstmrStmt></Document>
