<?xml version='1.0' encoding='utf-8'?>
<Document xmlns="urn:iso:std:iso:20022:tech:xsd:camt.053.001.08"><BkToCstmrStmt><GrpHdr><MsgId>MSG85943600-MFLMRM</MsgId><CreDtTm>2024-07-11T19:46:29.804+03:00</CreDtTm><MsgPgntn><PgNb>2</PgNb><LastPgInd>true</LastPgInd></MsgPgntn><OrgnlBizQry><MsgId>MSG96099332-RERYRX</MsgId></OrgnlBizQry></GrpHdr><Stmt><Id>MSG39530414-PLPNPL</Id><Acct><Id><Othr><Id>LT414319056143772570</Id></Othr></Id><Tp><Prtry>ATSSK2</Prtry></Tp><Ccy>EUR</Ccy><Ownr><Id><OrgId><AnyBIC>DEUTBEB4NDX</AnyBIC></OrgId></Id></Ownr></Acct><Bal><Tp><CdOrPrtry><Cd>OPBD</Cd></CdOrPrtry></Tp><Amt Ccy="EUR">801.55</Amt><Dt><Dt>2024-07-11</Dt></Dt><Avlbty><Amt Ccy="EUR">801.55</Amt></Avlbty></Bal><Bal><Tp><CdOrPrtry><Cd>CLBD</Cd></CdOrPrtry></Tp><Amt Ccy="EUR">801.55</Amt><Dt><Dt>2024-07-11</Dt></Dt><Avlbty><Amt Ccy="EUR">801.55</Amt></Avlbty></Bal></Stmt><Stmt><Id>MSG24848835-DDMXUR</Id><Acct><Id><Othr><Id>LT625883379695428516</Id></Othr></Id><Tp><Prtry>ATSISK</Prtry></Tp><Ccy>EUR</Ccy><Ownr><Id><OrgId><AnyBIC>DEUTBEB4NDX</AnyBIC></OrgId></Id></Ownr></Acct><Bal><Tp><CdOrPrtry><Cd>OPBD</Cd></CdOrPrtry></Tp><Amt Ccy="EUR">15175133.6</Amt><Dt><Dt>2024-07-11</Dt></Dt><Avlbty><Amt Ccy="EUR">15174133.6</Amt></Avlbty></Bal><Bal><Tp><CdOrPrtry><Cd>CLBD</Cd></CdOrPrtry></Tp><Amt Ccy="EUR">15738933.25</Amt><Dt><Dt>2024-07-11</Dt></Dt><Avlbty><Amt Ccy="EUR">15737933.25</Amt></Avlbty></Bal><Ntry><NtryRef>REF000014351092</NtryRef><Amt Ccy="EUR">967427.84</Amt><CdtDbtInd>CRDT</CdtDbtInd><AcctSvcrRef>REF000014365239</AcctSvcrRef><BkTxCd><Prtry><Cd>ATSISK</Cd></Prtry></BkTxCd><NtryDtls><Btch><NbOfTxs>247</NbOfTxs></Btch><TxDtls><Amt Ccy="EUR">967427.84</Amt></TxDtls></NtryDtls></Ntry><Ntry><NtryRef>REF000014371734</NtryRef><Amt Ccy="EUR">403850.64</Amt><CdtDbtInd>DBIT</CdtDbtInd><AcctSvcrRef>REF000014389955</AcctSvcrRef><BkTxCd><Prtry><Cd>KLIRNG</Cd></Prtry></BkTxCd><NtryDtls><Btch><NbOfTxs>7</NbOfTxs></Btch><TxDtls><Amt Ccy="EUR">403850.64</Amt></TxDtls></NtryDtls></Ntry><Ntry><NtryRef>REF000014396002</NtryRef><Amt Ccy="EUR">26326.08</Amt><CdtDbtInd>CRDT</CdtDbtInd><AcctSvcrRef>REF000014409457</AcctSvcrRef><BkTxCd><Prtry><Cd>ATSISK</Cd></Prtry></BkTxCd><NtryDtls><Btch><NbOfTxs>1</NbOfTxs></Btch><TxDtls><Amt Ccy="EUR">26326.08</Amt></TxDtls></NtryDtls></Ntry><Ntry><NtryRef>REF000014416002</NtryRef><Amt Ccy="EUR">26326.08</Amt><CdtDbtInd>DBIT</CdtDbtInd><AcctSvcrRef>REF000014429457</AcctSvcrRef><BkTxCd><Prtry><Cd>ATSISK</Cd></Prtry></BkTxCd><NtryDtls><Btch><NbOfTxs>1</NbOfTxs></Btch><TxDtls><Amt Ccy="EUR">26326.08</Amt></TxDtls></NtryDtls></Ntry><Ntry><NtryRef>REF000014436776</NtryRef><Amt Ccy="EUR">302.45</Amt><CdtDbtInd>CRDT</CdtDbtInd><AcctSvcrRef>REF000014444080</AcctSvcrRef><BkTxCd><Prtry><Cd>ATSISK</Cd></Prtry></BkTxCd><NtryDtls><Btch><NbOfTxs>2</NbOfTxs></Btch><TxDtls><Amt Ccy="EUR">302.45</Amt></TxDtls></NtryDtls></Ntry><Ntry><NtryRef>REF000014456776</NtryRef><Amt Ccy="EUR">80</Amt><CdtDbtInd>DBIT</CdtDbtInd><AcctSvcrRef>REF000014464080</AcctSvcrRef><BkTxCd><Prtry><Cd>ATSISK</Cd></Prtry></BkTxCd><NtryDtls><Btch><NbOfTxs>1</NbOfTxs></Btch><TxDtls><Amt Ccy="EUR">80</Amt></TxDtls></NtryDtls></Ntry></Stmt></BkToCstmrStmt></Document>
