<?xml version='1.0' encoding='utf-8'?>
<Document xmlns="urn:iso:std:iso:20022:tech:xsd:camt.053.001.08"><BkToCstmrStmt><GrpHdr><MsgId>MSG85943600-MFLMRM</MsgId><CreDtTm>2024-04-11T19:46:24.333+03:00</CreDtTm><MsgPgntn><PgNb>2</PgNb><LastPgInd>true</LastPgInd></MsgPgntn><OrgnlBizQry><MsgId>MSG76115622-AZWIRP</MsgId></OrgnlBizQry></GrpHdr><Stmt><Id>MSG25684197-NAEUXI</Id><Acct><Id><Othr><Id>LT625883379695428516</Id></Othr></Id><Tp><Prtry>ATSISK</Prtry></Tp><Ccy>EUR</Ccy><Ownr><Id><OrgId><AnyBIC>DEUTBEB4NDX</AnyBIC></OrgId></Id></Ownr></Acct><Bal><Tp><CdOrPrtry><Cd>OPBD</Cd></CdOrPrtry></Tp><Amt Ccy="EUR">21463830.35</Amt><Dt><Dt>2024-04-11</Dt></Dt><Avlbty><Amt Ccy="EUR">21462830.35</Amt></Avlbty></Bal><Bal><Tp><CdOrPrtry><Cd>CLBD</Cd></CdOrPrtry></Tp><Amt Ccy="EUR">17194650.59</Amt><Dt><Dt>2024-04-11</Dt></Dt><Avlbty><Amt Ccy="EUR">17193650.59</Amt></Avlbty></Bal><Ntry><NtryRef>REF000003631558</NtryRef><Amt Ccy="EUR">388645</Amt><CdtDbtInd>DBIT</CdtDbtInd><AcctSvcrRef>REF000003643800</AcctSvcrRef><BkTxCd><Prtry><Cd>ATSISK</Cd></Prtry></BkTxCd><NtryDtls><Btch><NbOfTxs>3</NbOfTxs></Btch><TxDtls><Amt Ccy="EUR">388645</Amt></TxDtls></NtryDtls></Ntry><Ntry><NtryRef>REF000003659665</NtryRef><Amt Ccy="EUR">46840</Amt><CdtDbtInd>CRDT</CdtDbtInd><AcctSvcrRef>REF000003666020</AcctSvcrRef><BkTxCd><Prtry><Cd>ATSISK</Cd></Prtry></BkTxCd><NtryDtls><Btch><NbOfTxs>4</NbOfTxs></Btch><TxDtls><Amt Ccy="EUR">46840</Amt></TxDtls></NtryDtls></Ntry><Ntry><NtryRef>REF000003679665</NtryRef><Amt Ccy="EUR">46840</Amt><CdtDbtInd>DBIT</CdtDbtInd><AcctSvcrRef>REF000003686020</AcctSvcrRef><BkTxCd><Prtry><Cd>ATSISK</Cd></Prtry></BkTxCd><NtryDtls><Btch><NbOfTxs>4</NbOfTxs></Btch><TxDtls><Amt Ccy="EUR">46840</Amt></TxDtls></NtryDtls></Ntry><Ntry><NtryRef>REF000003691092</NtryRef><Amt Ccy="EUR">891017.25</Amt><CdtDbtInd>CRDT</CdtDbtInd><AcctSvcrRef>REF000003705239</AcctSvcrRef><BkTxCd><Prtry><Cd>ATSISK</Cd></Prtry></BkTxCd><NtryDtls><Btch><NbOfTxs>134</NbOfTxs></Btch><TxDtls><Amt Ccy="EUR">891017.25</Amt></TxDtls></NtryDtls></Ntry><Ntry><NtryRef>REF000003718227</NtryRef><Amt Ccy="EUR">88667.8</Amt><CdtDbtInd>DBIT</CdtDbtInd><AcctSvcrRef>REF000003722605</AcctSvcrRef><BkTxCd><Prtry><Cd>ATSISK</Cd></Prtry></BkTxCd><NtryDtls><Btch><NbOfTxs>1</NbOfTxs></Btch><TxDtls><Amt Ccy="EUR">88667.8</Amt></TxDtls></NtryDtls></Ntry><Ntry><NtryRef>REF000003731331</NtryRef><Amt Ccy="EUR">3086</Amt><CdtDbtInd>DBIT</CdtDbtInd><AcctSvcrRef>REF000003741748</AcctSvcrRef><BkTxCd><Prtry><Cd>ATSISK</Cd></Prtry></BkTxCd><NtryDtls><Btch><NbOfTxs>1</NbOfTxs></Btch><TxDtls><Amt Ccy="EUR">3086</Amt></TxDtls></NtryDtls></Ntry><Ntry><NtryRef>REF000003751734</NtryRef><Amt Ccy="EUR">556633.95</Amt><CdtDbtInd>DBIT</CdtDbtInd><AcctSvcrRef>REF000003769955</AcctSvcrRef><BkTxCd><Prtry><Cd>KLIRNG</Cd></Prtry></BkTxCd><NtryDtls><Btch><NbOfTxs>6</NbOfTxs></Btch><TxDtls><Amt Ccy="EUR">556633.95</Amt></TxDtls></NtryDtls></Ntry><Ntry><NtryRef>REF000003775235</NtryRef><Amt Ccy="EUR">2680339.12</Amt><CdtDbtInd>DBIT</CdtDbtInd><AcctSvcrRef>REF000003788309</AcctSvcrRef><BkTxCd><Prtry><Cd>ATSISK</Cd></Prtry></BkTxCd><NtryDtls><Btch><NbOfTxs>6</NbOfTxs></Btch><TxDtls><Amt Ccy="EUR">2680339.12</Amt></TxDtls></NtryDtls></Ntry><Ntry><NtryRef>REF000003795103</NtryRef><Amt Ccy="EUR">58.42</Amt><CdtDbtInd>DBIT</CdtDbtInd><AcctSvcrRef>REF000003801670</AcctSvcrRef><BkTxCd><Prtry><Cd>ATSISK</Cd></Prtry></BkTxCd><NtryDtls><Btch><NbOfTxs>3</NbOfTxs></Btch><TxDtls><Amt Ccy="EUR">58.42</Amt></TxDtls></NtryDtls></Ntry><Ntry><NtryRef>REF000003814815</NtryRef><Amt Ccy="EUR">474367.36</Amt><CdtDbtInd>DBIT</CdtDbtInd><AcctSvcrRef>REF000003822595</AcctSvcrRef><BkTxCd><Prtry><Cd>ATSISK</Cd></Prtry></BkTxCd><NtryDtls><Btch><NbOfTxs>2</NbOfTxs></Btch><TxDtls><Amt Ccy="EUR">474367.36</Amt></TxDtls></NtryDtls></Ntry><Ntry><NtryRef>REF000003839900</NtryRef><Amt Ccy="EUR">858626.92</Amt><CdtDbtInd>DBIT</CdtDbtInd><AcctSvcrRef>REF000003849124</AcctSvcrRef><BkTxCd><Prtry><Cd>ATSISK</Cd></Prtry></BkTxCd><NtryDtls><Btch><NbOfTxs>2</NbOfTxs></Btch><TxDtls><Amt Ccy="EUR">858626.92</Amt></TxDtls></NtryDtls></Ntry><Ntry><NtryRef>REF000003854704</NtryRef><Amt Ccy="EUR">90190.85</Amt><CdtDbtInd>DBIT</CdtDbtInd><AcctSvcrRef>REF000003864477</AcctSvcrRef><BkTxCd><Prtry><Cd>ATSISK</Cd></Prtry></BkTxCd><NtryDtls><Btch><NbOfTxs>1</NbOfTxs></Btch><TxDtls><Amt Ccy="EUR">90190.85</Amt></TxDtls></NtryDtls></Ntry><Ntry><NtryRef>REF000003877801</NtryRef><Amt Ccy="EUR">7661.59</Amt><CdtDbtInd>DBIT</CdtDbtInd><AcctSvcrRef>REF000003883721</AcctSvcrRef><BkTxCd><Prtry><Cd>ATSISK</Cd></Prtry></BkTxCd><NtryDtls><Btch><NbOfTxs>2</NbOfTxs></Btch><TxDtls><Amt Ccy="EUR">7661.59</Amt></TxDtls></NtryDtls></Ntry><Ntry><NtryRef>REF000003894093</NtryRef><Amt Ccy="EUR">14568</Amt><CdtDbtInd>DBIT</CdtDbtInd><AcctSvcrRef>REF000003903955</AcctSvcrRef><BkTxCd><Prtry><Cd>ATSISK</Cd></Prtry></BkTxCd><NtryDtls><Btch><NbOfTxs>1</NbOfTxs></Btch><TxDtls><Amt Ccy="EUR">14568</Amt></TxDtls></NtryDtls></Ntry><Ntry><NtryRef>REF000003916052</NtryRef><Amt Ccy="EUR">2648</Amt><CdtDbtInd>CRDT</CdtDbtInd><AcctSvcrRef>REF000003923333</AcctSvcrRef><BkTxCd><Prtry><Cd>ATSISK</Cd></Prtry></BkTxCd><NtryDtls><Btch><NbOfTxs>1</NbOfTxs></Btch><TxDtls><Amt Ccy="EUR">2648</Amt></TxDtls></NtryDtls></Ntry></Stmt><Stmt><Id>MSG32269800-GZNPDA</Id><Acct><Id><Othr><Id>LT414319056143772570</Id></Othr></Id><Tp><Prtry>ATSSK2</Prtry></Tp><Ccy>EUR</Ccy><Ownr><Id><OrgId><AnyBIC>DEUTBEB4NDX</AnyBIC></OrgId></Id></Ownr></Acct><Bal><Tp><CdOrPrtry><Cd>OPBD</Cd></CdOrPrtry></Tp><Amt Ccy="EUR">2801.55</Amt><Dt><Dt>2024-04-11</Dt></Dt><Avlbty><Amt Ccy="EUR">2801.55</Amt></Avlbty></Bal><Bal><Tp><CdOrPrtry><Cd>CLBD</Cd></CdOrPrtry></Tp><Amt Ccy="EUR">2801.55</Amt><Dt><Dt>2024-04-11</Dt></Dt><Avlbty><Amt Ccy="EUR">2801.55</Amt></Avlbty></Bal></Stmt></BkToCstmrStmt></Document>
