<?xml version='1.0' encoding='utf-8'?>
<Document xmlns="urn:iso:std:iso:20022:tech:xsd:camt.053.001.08"><BkToCstmrStmt><GrpHdr><MsgId>MSG85943600-MFLMRM</MsgId><CreDtTm>2024-09-05T20:00:21.492+03:00</CreDtTm><MsgPgntn><PgNb>1</PgNb><LastPgInd>true</LastPgInd></MsgPgntn><OrgnlBizQry><MsgId>MSG62720981-JBNLHY</MsgId></OrgnlBizQry></GrpHdr><Stmt><Id>MSG33620836-JXXNUI</Id><Acct><Id><Othr><Id>LT625883379695428516</Id></Othr></Id><Tp><Prtry>ATSISK</Prtry></Tp><Ccy>EUR</Ccy><Ownr><Id><OrgId><AnyBIC>DEUTBEB4NDX</AnyBIC></OrgId></Id></Ownr></Acct><Bal><Tp><CdOrPrtry><Cd>OPBD</Cd></CdOrPrtry></Tp><Amt Ccy="EUR">17220406.19</Amt><Dt><Dt>2024-09-05</Dt></Dt><Avlbty><Amt Ccy="EUR">17219406.19</Amt></Avlbty></Bal><Bal><Tp><CdOrPrtry><Cd>CLBD</Cd></CdOrPrtry></Tp><Amt Ccy="EUR">17944385.97</Amt><Dt><Dt>2024-09-05</Dt></Dt><Avlbty><Amt Ccy="EUR">17943385.97</Amt></Avlbty></Bal><Ntry><NtryRef>REF000020618280</NtryRef><Amt Ccy="EUR">255663.03</Amt><CdtDbtInd>CRDT</CdtDbtInd><AcctSvcrRef>REF000020621452</AcctSvcrRef><BkTxCd><Prtry><Cd>ATSISK</Cd></Prtry></BkTxCd><NtryDtls><Btch><NbOfTxs>1</NbOfTxs></Btch><TxDtls><Amt Ccy="EUR">255663.03</Amt></TxDtls></NtryDtls></Ntry><Ntry><NtryRef>REF000020631092</NtryRef><Amt Ccy="EUR">852618.75</Amt><CdtDbtInd>CRDT</CdtDbtInd><AcctSvcrRef>REF000020645239</AcctSvcrRef><BkTxCd><Prtry><Cd>ATSISK</Cd></Prtry></BkTxCd><NtryDtls><Btch><NbOfTxs>334</NbOfTxs></Btch><TxDtls><Amt Ccy="EUR">852618.75</Amt></TxDtls></NtryDtls></Ntry><Ntry><NtryRef>REF000020651734</NtryRef><Amt Ccy="EUR">380734.67</Amt><CdtDbtInd>DBIT</CdtDbtInd><AcctSvcrRef>REF000020669955</AcctSvcrRef><BkTxCd><Prtry><Cd>KLIRNG</Cd></Prtry></BkTxCd><NtryDtls><Btch><NbOfTxs>7</NbOfTxs></Btch><TxDtls><Amt Ccy="EUR">380734.67</Amt></TxDtls></NtryDtls></Ntry><Ntry><NtryRef>REF000020674704</NtryRef><Amt Ccy="EUR">14977.73</Amt><CdtDbtInd>DBIT</CdtDbtInd><AcctSvcrRef>REF000020684477</AcctSvcrRef><BkTxCd><Prtry><Cd>ATSISK</Cd></Prtry></BkTxCd><NtryDtls><Btch><NbOfTxs>1</NbOfTxs></Btch><TxDtls><Amt Ccy="EUR">14977.73</Amt></TxDtls></NtryDtls></Ntry><Ntry><NtryRef>REF000020698735</NtryRef><Amt Ccy="EUR">11559.41</Amt><CdtDbtInd>CRDT</CdtDbtInd><AcctSvcrRef>REF000020705676</AcctSvcrRef><BkTxCd><Prtry><Cd>ATSISK</Cd></Prtry></BkTxCd><NtryDtls><Btch><NbOfTxs>2</NbOfTxs></Btch><TxDtls><Amt Ccy="EUR">11559.41</Amt></TxDtls></NtryDtls></Ntry><Ntry><NtryRef>REF000020711655</NtryRef><Amt Ccy="EUR">50</Amt><CdtDbtInd>DBIT</CdtDbtInd><AcctSvcrRef>REF000020725284</AcctSvcrRef><BkTxCd><Prtry><Cd>ATSISK</Cd></Prtry></BkTxCd><NtryDtls><Btch><NbOfTxs>1</NbOfTxs></Btch><TxDtls><Amt Ccy="EUR">50</Amt></TxDtls></NtryDtls></Ntry><Ntry><NtryRef>REF000020734538</NtryRef><Amt Ccy="EUR">99.01</Amt><CdtDbtInd>DBIT</CdtDbtInd><AcctSvcrRef>REF000020744868</AcctSvcrRef><BkTxCd><Prtry><Cd>ATSISK</Cd></Prtry></BkTxCd><NtryDtls><Btch><NbOfTxs>1</NbOfTxs></Btch><TxDtls><Amt Ccy="EUR">99.01</Amt></TxDtls></NtryDtls></Ntry></Stmt></BkToCstmrStmt></Document>
