<?xml version='1.0' encoding='utf-8'?>
<Document xmlns="urn:iso:std:iso:20022:tech:xsd:camt.053.001.08"><BkToCstmrStmt><GrpHdr><MsgId>MSG85943600-MFLMRM</MsgId><CreDtTm>2024-06-21T19:47:33.012+03:00</CreDtTm><MsgPgntn><PgNb>2</PgNb><LastPgInd>true</LastPgInd></MsgPgntn><OrgnlBizQry><MsgId>MSG95711670-VSKRLY</MsgId></OrgnlBizQry></GrpHdr><Stmt><Id>MSG20384078-VHYVPZ</Id><Acct><Id><Othr><Id>LT625883379695428516</Id></Othr></Id><Tp><Prtry>ATSISK</Prtry></Tp><Ccy>EUR</Ccy><Ownr><Id><OrgId><AnyBIC>DEUTBEB4NDX</AnyBIC></OrgId></Id></Ownr></Acct><Bal><Tp><CdOrPrtry><Cd>OPBD</Cd></CdOrPrtry></Tp><Amt Ccy="EUR">18075256.93</Amt><Dt><Dt>2024-06-21</Dt></Dt><Avlbty><Amt Ccy="EUR">18074256.93</Amt></Avlbty></Bal><Bal><Tp><CdOrPrtry><Cd>CLBD</Cd></CdOrPrtry></Tp><Amt Ccy="EUR">20610997.97</Amt><Dt><Dt>2024-06-21</Dt></Dt><Avlbty><Amt Ccy="EUR">20609997.97</Amt></Avlbty></Bal><Ntry><NtryRef>REF000011931558</NtryRef><Amt Ccy="EUR">379.45</Amt><CdtDbtInd>DBIT</CdtDbtInd><AcctSvcrRef>REF000011943800</AcctSvcrRef><BkTxCd><Prtry><Cd>ATSISK</Cd></Prtry></BkTxCd><NtryDtls><Btch><NbOfTxs>2</NbOfTxs></Btch><TxDtls><Amt Ccy="EUR">379.45</Amt></TxDtls></NtryDtls></Ntry><Ntry><NtryRef>REF000011951092</NtryRef><Amt Ccy="EUR">2170080.93</Amt><CdtDbtInd>CRDT</CdtDbtInd><AcctSvcrRef>REF000011965239</AcctSvcrRef><BkTxCd><Prtry><Cd>ATSISK</Cd></Prtry></BkTxCd><NtryDtls><Btch><NbOfTxs>178</NbOfTxs></Btch><TxDtls><Amt Ccy="EUR">2170080.93</Amt></TxDtls></NtryDtls></Ntry><Ntry><NtryRef>REF000011971092</NtryRef><Amt Ccy="EUR">588.76</Amt><CdtDbtInd>DBIT</CdtDbtInd><AcctSvcrRef>REF000011985239</AcctSvcrRef><BkTxCd><Prtry><Cd>ATSISK</Cd></Prtry></BkTxCd><NtryDtls><Btch><NbOfTxs>1</NbOfTxs></Btch><TxDtls><Amt Ccy="EUR">588.76</Amt></TxDtls></NtryDtls></Ntry><Ntry><NtryRef>REF000011991331</NtryRef><Amt Ccy="EUR">54895</Amt><CdtDbtInd>DBIT</CdtDbtInd><AcctSvcrRef>REF000012001748</AcctSvcrRef><BkTxCd><Prtry><Cd>ATSISK</Cd></Prtry></BkTxCd><NtryDtls><Btch><NbOfTxs>2</NbOfTxs></Btch><TxDtls><Amt Ccy="EUR">54895</Amt></TxDtls></NtryDtls></Ntry><Ntry><NtryRef>REF000012011734</NtryRef><Amt Ccy="EUR">228005.68</Amt><CdtDbtInd>DBIT</CdtDbtInd><AcctSvcrRef>REF000012029955</AcctSvcrRef><BkTxCd><Prtry><Cd>KLIRNG</Cd></Prtry></BkTxCd><NtryDtls><Btch><NbOfTxs>7</NbOfTxs></Btch><TxDtls><Amt Ccy="EUR">228005.68</Amt></TxDtls></NtryDtls></Ntry><Ntry><NtryRef>REF000012036002</NtryRef><Amt Ccy="EUR">650000</Amt><CdtDbtInd>CRDT</CdtDbtInd><AcctSvcrRef>REF000012049457</AcctSvcrRef><BkTxCd><Prtry><Cd>ATSISK</Cd></Prtry></BkTxCd><NtryDtls><Btch><NbOfTxs>2</NbOfTxs></Btch><TxDtls><Amt Ccy="EUR">650000</Amt></TxDtls></NtryDtls></Ntry><Ntry><NtryRef>REF000012056776</NtryRef><Amt Ccy="EUR">29</Amt><CdtDbtInd>CRDT</CdtDbtInd><AcctSvcrRef>REF000012064080</AcctSvcrRef><BkTxCd><Prtry><Cd>ATSISK</Cd></Prtry></BkTxCd><NtryDtls><Btch><NbOfTxs>1</NbOfTxs></Btch><TxDtls><Amt Ccy="EUR">29</Amt></TxDtls></NtryDtls></Ntry><Ntry><NtryRef>REF000012071655</NtryRef><Amt Ccy="EUR">500</Amt><CdtDbtInd>DBIT</CdtDbtInd><AcctSvcrRef>REF000012085284</AcctSvcrRef><BkTxCd><Prtry><Cd>ATSISK</Cd></Prtry></BkTxCd><NtryDtls><Btch><NbOfTxs>1</NbOfTxs></Btch><TxDtls><Amt Ccy="EUR">500</Amt></TxDtls></NtryDtls></Ntry></Stmt><Stmt><Id>MSG45176199-CKDFLW</Id><Acct><Id><Othr><Id>LT414319056143772570</Id></Othr></Id><Tp><Prtry>ATSSK2</Prtry></Tp><Ccy>EUR</Ccy><Ownr><Id><OrgId><AnyBIC>DEUTBEB4NDX</AnyBIC></OrgId></Id></Ownr></Acct><Bal><Tp><CdOrPrtry><Cd>OPBD</Cd></CdOrPrtry></Tp><Amt Ccy="EUR">801.55</Amt><Dt><Dt>2024-06-21</Dt></Dt><Avlbty><Amt Ccy="EUR">801.55</Amt></Avlbty></Bal><Bal><Tp><CdOrPrtry><Cd>CLBD</Cd></CdOrPrtry></Tp><Amt Ccy="EUR">801.55</Amt><Dt><Dt>2024-06-21</Dt></Dt><Avlbty><Amt Ccy="EUR">801.55</Amt></Avlbty></Bal></Stmt></BkToCstmrStmt></Document>
