<?xml version='1.0' encoding='utf-8'?>
<Document xmlns="urn:iso:std:iso:20022:tech:xsd:camt.053.001.08"><BkToCstmrStmt><GrpHdr><MsgId>MSG85943600-MFLMRM</MsgId><CreDtTm>2024-09-18T19:46:26.146+03:00</CreDtTm><MsgPgntn><PgNb>1</PgNb><LastPgInd>true</LastPgInd></MsgPgntn><OrgnlBizQry><MsgId>MSG44131495-ZLHUJE</MsgId></OrgnlBizQry></GrpHdr><Stmt><Id>MSG12898185-PISWKD</Id><Acct><Id><Othr><Id>LT625883379695428516</Id></Othr></Id><Tp><Prtry>ATSISK</Prtry></Tp><Ccy>EUR</Ccy><Ownr><Id><OrgId><AnyBIC>DEUTBEB4NDX</AnyBIC></OrgId></Id></Ownr></Acct><Bal><Tp><CdOrPrtry><Cd>OPBD</Cd></CdOrPrtry></Tp><Amt Ccy="EUR">20127336.96</Amt><Dt><Dt>2024-09-18</Dt></Dt><Avlbty><Amt Ccy="EUR">20126336.96</Amt></Avlbty></Bal><Bal><Tp><CdOrPrtry><Cd>CLBD</Cd></CdOrPrtry></Tp><Amt Ccy="EUR">19811244.02</Amt><Dt><Dt>2024-09-18</Dt></Dt><Avlbty><Amt Ccy="EUR">19810244.02</Amt></Avlbty></Bal><Ntry><NtryRef>REF000022151558</NtryRef><Amt Ccy="EUR">8249</Amt><CdtDbtInd>DBIT</CdtDbtInd><AcctSvcrRef>REF000022163800</AcctSvcrRef><BkTxCd><Prtry><Cd>ATSISK</Cd></Prtry></BkTxCd><NtryDtls><Btch><NbOfTxs>1</NbOfTxs></Btch><TxDtls><Amt Ccy="EUR">8249</Amt></TxDtls></NtryDtls></Ntry><Ntry><NtryRef>REF000022177264</NtryRef><Amt Ccy="EUR">510.02</Amt><CdtDbtInd>CRDT</CdtDbtInd><AcctSvcrRef>REF000022186646</AcctSvcrRef><BkTxCd><Prtry><Cd>ATSISK</Cd></Prtry></BkTxCd><NtryDtls><Btch><NbOfTxs>1</NbOfTxs></Btch><TxDtls><Amt Ccy="EUR">510.02</Amt></TxDtls></NtryDtls></Ntry><Ntry><NtryRef>REF000022198280</NtryRef><Amt Ccy="EUR">276371.53</Amt><CdtDbtInd>CRDT</CdtDbtInd><AcctSvcrRef>REF000022201452</AcctSvcrRef><BkTxCd><Prtry><Cd>ATSISK</Cd></Prtry></BkTxCd><NtryDtls><Btch><NbOfTxs>1</NbOfTxs></Btch><TxDtls><Amt Ccy="EUR">276371.53</Amt></TxDtls></NtryDtls></Ntry><Ntry><NtryRef>REF000022218280</NtryRef><Amt Ccy="EUR">163.29</Amt><CdtDbtInd>DBIT</CdtDbtInd><AcctSvcrRef>REF000022221452</AcctSvcrRef><BkTxCd><Prtry><Cd>ATSISK</Cd></Prtry></BkTxCd><NtryDtls><Btch><NbOfTxs>1</NbOfTxs></Btch><TxDtls><Amt Ccy="EUR">163.29</Amt></TxDtls></NtryDtls></Ntry><Ntry><NtryRef>REF000022231092</NtryRef><Amt Ccy="EUR">1603258.81</Amt><CdtDbtInd>CRDT</CdtDbtInd><AcctSvcrRef>REF000022245239</AcctSvcrRef><BkTxCd><Prtry><Cd>ATSISK</Cd></Prtry></BkTxCd><NtryDtls><Btch><NbOfTxs>156</NbOfTxs></Btch><TxDtls><Amt Ccy="EUR">1603258.81</Amt></TxDtls></NtryDtls></Ntry><Ntry><NtryRef>REF000022251331</NtryRef><Amt Ccy="EUR">211</Amt><CdtDbtInd>DBIT</CdtDbtInd><AcctSvcrRef>REF000022261748</AcctSvcrRef><BkTxCd><Prtry><Cd>ATSISK</Cd></Prtry></BkTxCd><NtryDtls><Btch><NbOfTxs>1</NbOfTxs></Btch><TxDtls><Amt Ccy="EUR">211</Amt></TxDtls></NtryDtls></Ntry><Ntry><NtryRef>REF000022271734</NtryRef><Amt Ccy="EUR">1629735.89</Amt><CdtDbtInd>DBIT</CdtDbtInd><AcctSvcrRef>REF000022289955</AcctSvcrRef><BkTxCd><Prtry><Cd>KLIRNG</Cd></Prtry></BkTxCd><NtryDtls><Btch><NbOfTxs>7</NbOfTxs></Btch><TxDtls><Amt Ccy="EUR">1629735.89</Amt></TxDtls></NtryDtls></Ntry><Ntry><NtryRef>REF000022295235</NtryRef><Amt Ccy="EUR">485883</Amt><CdtDbtInd>DBIT</CdtDbtInd><AcctSvcrRef>REF000022308309</AcctSvcrRef><BkTxCd><Prtry><Cd>ATSISK</Cd></Prtry></BkTxCd><NtryDtls><Btch><NbOfTxs>14</NbOfTxs></Btch><TxDtls><Amt Ccy="EUR">485883</Amt></TxDtls></NtryDtls></Ntry><Ntry><NtryRef>REF000022319900</NtryRef><Amt Ccy="EUR">50356</Amt><CdtDbtInd>DBIT</CdtDbtInd><AcctSvcrRef>REF000022329124</AcctSvcrRef><BkTxCd><Prtry><Cd>ATSISK</Cd></Prtry></BkTxCd><NtryDtls><Btch><NbOfTxs>3</NbOfTxs></Btch><TxDtls><Amt Ccy="EUR">50356</Amt></TxDtls></NtryDtls></Ntry><Ntry><NtryRef>REF000022334704</NtryRef><Amt Ccy="EUR">5465.42</Amt><CdtDbtInd>DBIT</CdtDbtInd><AcctSvcrRef>REF000022344477</AcctSvcrRef><BkTxCd><Prtry><Cd>ATSISK</Cd></Prtry></BkTxCd><NtryDtls><Btch><NbOfTxs>1</NbOfTxs></Btch><TxDtls><Amt Ccy="EUR">5465.42</Amt></TxDtls></NtryDtls></Ntry><Ntry><NtryRef>REF000022351655</NtryRef><Amt Ccy="EUR">16020.7</Amt><CdtDbtInd>DBIT</CdtDbtInd><AcctSvcrRef>REF000022365284</AcctSvcrRef><BkTxCd><Prtry><Cd>ATSISK</Cd></Prtry></BkTxCd><NtryDtls><Btch><NbOfTxs>1</NbOfTxs></Btch><TxDtls><Amt Ccy="EUR">16020.7</Amt></TxDtls></NtryDtls></Ntry><Ntry><NtryRef>REF000022372845</NtryRef><Amt Ccy="EUR">149</Amt><CdtDbtInd>DBIT</CdtDbtInd><AcctSvcrRef>REF000022382208</AcctSvcrRef><BkTxCd><Prtry><Cd>ATSISK</Cd></Prtry></BkTxCd><NtryDtls><Btch><NbOfTxs>1</NbOfTxs></Btch><TxDtls><Amt Ccy="EUR">149</Amt></TxDtls></NtryDtls></Ntry></Stmt></BkToCstmrStmt></Document>
