<?xml version='1.0' encoding='utf-8'?>
<Document xmlns="urn:iso:std:iso:20022:tech:xsd:camt.053.001.08"><BkToCstmrStmt><GrpHdr><MsgId>MSG85943600-MFLMRM</MsgId><CreDtTm>2024-06-24T19:47:22.634+03:00</CreDtTm><MsgPgntn><PgNb>2</PgNb><LastPgInd>true</LastPgInd></MsgPgntn><OrgnlBizQry><MsgId>MSG38933144-GJGMDJ</MsgId></OrgnlBizQry></GrpHdr><Stmt><Id>MSG62173035-GJWOHK</Id><Acct><Id><Othr><Id>LT625883379695428516</Id></Othr></Id><Tp><Prtry>ATSISK</Prtry></Tp><Ccy>EUR</Ccy><Ownr><Id><OrgId><AnyBIC>DEUTBEB4NDX</AnyBIC></OrgId></Id></Ownr></Acct><Bal><Tp><CdOrPrtry><Cd>OPBD</Cd></CdOrPrtry></Tp><Amt Ccy="EUR">20610997.97</Amt><Dt><Dt>2024-06-24</Dt></Dt><Avlbty><Amt Ccy="EUR">20609997.97</Amt></Avlbty></Bal><Bal><Tp><CdOrPrtry><Cd>CLBD</Cd></CdOrPrtry></Tp><Amt Ccy="EUR">20260005.33</Amt><Dt><Dt>2024-06-24</Dt></Dt><Avlbty><Amt Ccy="EUR">20259005.33</Amt></Avlbty></Bal><Ntry><NtryRef>REF000012091558</NtryRef><Amt Ccy="EUR">267806.89</Amt><CdtDbtInd>DBIT</CdtDbtInd><AcctSvcrRef>REF000012103800</AcctSvcrRef><BkTxCd><Prtry><Cd>ATSISK</Cd></Prtry></BkTxCd><NtryDtls><Btch><NbOfTxs>1</NbOfTxs></Btch><TxDtls><Amt Ccy="EUR">267806.89</Amt></TxDtls></NtryDtls></Ntry><Ntry><NtryRef>REF000012117264</NtryRef><Amt Ccy="EUR">10</Amt><CdtDbtInd>CRDT</CdtDbtInd><AcctSvcrRef>REF000012126646</AcctSvcrRef><BkTxCd><Prtry><Cd>ATSISK</Cd></Prtry></BkTxCd><NtryDtls><Btch><NbOfTxs>1</NbOfTxs></Btch><TxDtls><Amt Ccy="EUR">10</Amt></TxDtls></NtryDtls></Ntry><Ntry><NtryRef>REF000012135215</NtryRef><Amt Ccy="EUR">1600</Amt><CdtDbtInd>CRDT</CdtDbtInd><AcctSvcrRef>REF000012142846</AcctSvcrRef><BkTxCd><Prtry><Cd>ATSISK</Cd></Prtry></BkTxCd><NtryDtls><Btch><NbOfTxs>1</NbOfTxs></Btch><TxDtls><Amt Ccy="EUR">1600</Amt></TxDtls></NtryDtls></Ntry><Ntry><NtryRef>REF000012151092</NtryRef><Amt Ccy="EUR">297546.63</Amt><CdtDbtInd>CRDT</CdtDbtInd><AcctSvcrRef>REF000012165239</AcctSvcrRef><BkTxCd><Prtry><Cd>ATSISK</Cd></Prtry></BkTxCd><NtryDtls><Btch><NbOfTxs>179</NbOfTxs></Btch><TxDtls><Amt Ccy="EUR">297546.63</Amt></TxDtls></NtryDtls></Ntry><Ntry><NtryRef>REF000012178025</NtryRef><Amt Ccy="EUR">20</Amt><CdtDbtInd>DBIT</CdtDbtInd><AcctSvcrRef>REF000012183704</AcctSvcrRef><BkTxCd><Prtry><Cd>ATSISK</Cd></Prtry></BkTxCd><NtryDtls><Btch><NbOfTxs>1</NbOfTxs></Btch><TxDtls><Amt Ccy="EUR">20</Amt></TxDtls></NtryDtls></Ntry><Ntry><NtryRef>REF000012191331</NtryRef><Amt Ccy="EUR">88769</Amt><CdtDbtInd>DBIT</CdtDbtInd><AcctSvcrRef>REF000012201748</AcctSvcrRef><BkTxCd><Prtry><Cd>ATSISK</Cd></Prtry></BkTxCd><NtryDtls><Btch><NbOfTxs>3</NbOfTxs></Btch><TxDtls><Amt Ccy="EUR">88769</Amt></TxDtls></NtryDtls></Ntry><Ntry><NtryRef>REF000012211734</NtryRef><Amt Ccy="EUR">293373.38</Amt><CdtDbtInd>DBIT</CdtDbtInd><AcctSvcrRef>REF000012229955</AcctSvcrRef><BkTxCd><Prtry><Cd>KLIRNG</Cd></Prtry></BkTxCd><NtryDtls><Btch><NbOfTxs>8</NbOfTxs></Btch><TxDtls><Amt Ccy="EUR">293373.38</Amt></TxDtls></NtryDtls></Ntry><Ntry><NtryRef>REF000012236776</NtryRef><Amt Ccy="EUR">20</Amt><CdtDbtInd>CRDT</CdtDbtInd><AcctSvcrRef>REF000012244080</AcctSvcrRef><BkTxCd><Prtry><Cd>ATSISK</Cd></Prtry></BkTxCd><NtryDtls><Btch><NbOfTxs>1</NbOfTxs></Btch><TxDtls><Amt Ccy="EUR">20</Amt></TxDtls></NtryDtls></Ntry><Ntry><NtryRef>REF000012251655</NtryRef><Amt Ccy="EUR">200</Amt><CdtDbtInd>DBIT</CdtDbtInd><AcctSvcrRef>REF000012265284</AcctSvcrRef><BkTxCd><Prtry><Cd>ATSISK</Cd></Prtry></BkTxCd><NtryDtls><Btch><NbOfTxs>1</NbOfTxs></Btch><TxDtls><Amt Ccy="EUR">200</Amt></TxDtls></NtryDtls></Ntry></Stmt><Stmt><Id>MSG71385616-MNXRGT</Id><Acct><Id><Othr><Id>LT414319056143772570</Id></Othr></Id><Tp><Prtry>ATSSK2</Prtry></Tp><Ccy>EUR</Ccy><Ownr><Id><OrgId><AnyBIC>DEUTBEB4NDX</AnyBIC></OrgId></Id></Ownr></Acct><Bal><Tp><CdOrPrtry><Cd>OPBD</Cd></CdOrPrtry></Tp><Amt Ccy="EUR">801.55</Amt><Dt><Dt>2024-06-24</Dt></Dt><Avlbty><Amt Ccy="EUR">801.55</Amt></Avlbty></Bal><Bal><Tp><CdOrPrtry><Cd>CLBD</Cd></CdOrPrtry></Tp><Amt Ccy="EUR">801.55</Amt><Dt><Dt>2024-06-24</Dt></Dt><Avlbty><Amt Ccy="EUR">801.55</Amt></Avlbty></Bal></Stmt></BkToCstmrStmt></Document>
