<?xml version='1.0' encoding='utf-8'?>
<Document xmlns="urn:iso:std:iso:20022:tech:xsd:camt.053.001.08"><BkToCstmrStmt><GrpHdr><MsgId>MSG85943600-MFLMRM</MsgId><CreDtTm>2024-06-17T19:48:21.894+03:00</CreDtTm><MsgPgntn><PgNb>2</PgNb><LastPgInd>true</LastPgInd></MsgPgntn><OrgnlBizQry><MsgId>MSG35857813-AXEDHY</MsgId></OrgnlBizQry></GrpHdr><Stmt><Id>MSG36629846-REOGDQ</Id><Acct><Id><Othr><Id>LT625883379695428516</Id></Othr></Id><Tp><Prtry>ATSISK</Prtry></Tp><Ccy>EUR</Ccy><Ownr><Id><OrgId><AnyBIC>DEUTBEB4NDX</AnyBIC></OrgId></Id></Ownr></Acct><Bal><Tp><CdOrPrtry><Cd>OPBD</Cd></CdOrPrtry></Tp><Amt Ccy="EUR">19512316.86</Amt><Dt><Dt>2024-06-17</Dt></Dt><Avlbty><Amt Ccy="EUR">19511316.86</Amt></Avlbty></Bal><Bal><Tp><CdOrPrtry><Cd>CLBD</Cd></CdOrPrtry></Tp><Amt Ccy="EUR">23202983.32</Amt><Dt><Dt>2024-06-17</Dt></Dt><Avlbty><Amt Ccy="EUR">23201983.32</Amt></Avlbty></Bal><Ntry><NtryRef>REF000011338267</NtryRef><Amt Ccy="EUR">1681</Amt><CdtDbtInd>CRDT</CdtDbtInd><AcctSvcrRef>REF000011344440</AcctSvcrRef><BkTxCd><Prtry><Cd>ATSISK</Cd></Prtry></BkTxCd><NtryDtls><Btch><NbOfTxs>1</NbOfTxs></Btch><TxDtls><Amt Ccy="EUR">1681</Amt></TxDtls></NtryDtls></Ntry><Ntry><NtryRef>REF000011351092</NtryRef><Amt Ccy="EUR">558874.68</Amt><CdtDbtInd>CRDT</CdtDbtInd><AcctSvcrRef>REF000011365239</AcctSvcrRef><BkTxCd><Prtry><Cd>ATSISK</Cd></Prtry></BkTxCd><NtryDtls><Btch><NbOfTxs>195</NbOfTxs></Btch><TxDtls><Amt Ccy="EUR">558874.68</Amt></TxDtls></NtryDtls></Ntry><Ntry><NtryRef>REF000011371331</NtryRef><Amt Ccy="EUR">61336</Amt><CdtDbtInd>DBIT</CdtDbtInd><AcctSvcrRef>REF000011381748</AcctSvcrRef><BkTxCd><Prtry><Cd>ATSISK</Cd></Prtry></BkTxCd><NtryDtls><Btch><NbOfTxs>1</NbOfTxs></Btch><TxDtls><Amt Ccy="EUR">61336</Amt></TxDtls></NtryDtls></Ntry><Ntry><NtryRef>REF000011391734</NtryRef><Amt Ccy="EUR">1232042.16</Amt><CdtDbtInd>DBIT</CdtDbtInd><AcctSvcrRef>REF000011409955</AcctSvcrRef><BkTxCd><Prtry><Cd>KLIRNG</Cd></Prtry></BkTxCd><NtryDtls><Btch><NbOfTxs>8</NbOfTxs></Btch><TxDtls><Amt Ccy="EUR">1232042.16</Amt></TxDtls></NtryDtls></Ntry><Ntry><NtryRef>REF000011415235</NtryRef><Amt Ccy="EUR">128720.06</Amt><CdtDbtInd>DBIT</CdtDbtInd><AcctSvcrRef>REF000011428309</AcctSvcrRef><BkTxCd><Prtry><Cd>ATSISK</Cd></Prtry></BkTxCd><NtryDtls><Btch><NbOfTxs>1</NbOfTxs></Btch><TxDtls><Amt Ccy="EUR">128720.06</Amt></TxDtls></NtryDtls></Ntry><Ntry><NtryRef>REF000011439900</NtryRef><Amt Ccy="EUR">22043</Amt><CdtDbtInd>DBIT</CdtDbtInd><AcctSvcrRef>REF000011449124</AcctSvcrRef><BkTxCd><Prtry><Cd>ATSISK</Cd></Prtry></BkTxCd><NtryDtls><Btch><NbOfTxs>2</NbOfTxs></Btch><TxDtls><Amt Ccy="EUR">22043</Amt></TxDtls></NtryDtls></Ntry><Ntry><NtryRef>REF000011456002</NtryRef><Amt Ccy="EUR">4572145</Amt><CdtDbtInd>CRDT</CdtDbtInd><AcctSvcrRef>REF000011469457</AcctSvcrRef><BkTxCd><Prtry><Cd>ATSISK</Cd></Prtry></BkTxCd><NtryDtls><Btch><NbOfTxs>2</NbOfTxs></Btch><TxDtls><Amt Ccy="EUR">4572145</Amt></TxDtls></NtryDtls></Ntry><Ntry><NtryRef>REF000011479344</NtryRef><Amt Ccy="EUR">2000</Amt><CdtDbtInd>CRDT</CdtDbtInd><AcctSvcrRef>REF000011481099</AcctSvcrRef><BkTxCd><Prtry><Cd>ATSISK</Cd></Prtry></BkTxCd><NtryDtls><Btch><NbOfTxs>1</NbOfTxs></Btch><TxDtls><Amt Ccy="EUR">2000</Amt></TxDtls></NtryDtls></Ntry><Ntry><NtryRef>REF000011492845</NtryRef><Amt Ccy="EUR">107</Amt><CdtDbtInd>CRDT</CdtDbtInd><AcctSvcrRef>REF000011502208</AcctSvcrRef><BkTxCd><Prtry><Cd>ATSISK</Cd></Prtry></BkTxCd><NtryDtls><Btch><NbOfTxs>1</NbOfTxs></Btch><TxDtls><Amt Ccy="EUR">107</Amt></TxDtls></NtryDtls></Ntry></Stmt><Stmt><Id>MSG75153360-VYLEKY</Id><Acct><Id><Othr><Id>LT414319056143772570</Id></Othr></Id><Tp><Prtry>ATSSK2</Prtry></Tp><Ccy>EUR</Ccy><Ownr><Id><OrgId><AnyBIC>DEUTBEB4NDX</AnyBIC></OrgId></Id></Ownr></Acct><Bal><Tp><CdOrPrtry><Cd>OPBD</Cd></CdOrPrtry></Tp><Amt Ccy="EUR">801.55</Amt><Dt><Dt>2024-06-17</Dt></Dt><Avlbty><Amt Ccy="EUR">801.55</Amt></Avlbty></Bal><Bal><Tp><CdOrPrtry><Cd>CLBD</Cd></CdOrPrtry></Tp><Amt Ccy="EUR">801.55</Amt><Dt><Dt>2024-06-17</Dt></Dt><Avlbty><Amt Ccy="EUR">801.55</Amt></Avlbty></Bal></Stmt></BkToCstmrStmt></Document>
