<?xml version='1.0' encoding='utf-8'?>
<Document xmlns="urn:iso:std:iso:20022:tech:xsd:camt.053.001.08"><BkToCstmrStmt><GrpHdr><MsgId>MSG85943600-MFLMRM</MsgId><CreDtTm>2024-04-26T19:46:17.441+03:00</CreDtTm><MsgPgntn><PgNb>2</PgNb><LastPgInd>true</LastPgInd></MsgPgntn><OrgnlBizQry><MsgId>MSG54791450-NISUVY</MsgId></OrgnlBizQry></GrpHdr><Stmt><Id>MSG98221176-JKGUTY</Id><Acct><Id><Othr><Id>LT625883379695428516</Id></Othr></Id><Tp><Prtry>ATSISK</Prtry></Tp><Ccy>EUR</Ccy><Ownr><Id><OrgId><AnyBIC>DEUTBEB4NDX</AnyBIC></OrgId></Id></Ownr></Acct><Bal><Tp><CdOrPrtry><Cd>OPBD</Cd></CdOrPrtry></Tp><Amt Ccy="EUR">18255954.14</Amt><Dt><Dt>2024-04-26</Dt></Dt><Avlbty><Amt Ccy="EUR">18254954.14</Amt></Avlbty></Bal><Bal><Tp><CdOrPrtry><Cd>CLBD</Cd></CdOrPrtry></Tp><Amt Ccy="EUR">18235837.09</Amt><Dt><Dt>2024-04-26</Dt></Dt><Avlbty><Amt Ccy="EUR">18234837.09</Amt></Avlbty></Bal><Ntry><NtryRef>REF000005391092</NtryRef><Amt Ccy="EUR">473029.1</Amt><CdtDbtInd>CRDT</CdtDbtInd><AcctSvcrRef>REF000005405239</AcctSvcrRef><BkTxCd><Prtry><Cd>ATSISK</Cd></Prtry></BkTxCd><NtryDtls><Btch><NbOfTxs>125</NbOfTxs></Btch><TxDtls><Amt Ccy="EUR">473029.1</Amt></TxDtls></NtryDtls></Ntry><Ntry><NtryRef>REF000005411734</NtryRef><Amt Ccy="EUR">250492.73</Amt><CdtDbtInd>DBIT</CdtDbtInd><AcctSvcrRef>REF000005429955</AcctSvcrRef><BkTxCd><Prtry><Cd>KLIRNG</Cd></Prtry></BkTxCd><NtryDtls><Btch><NbOfTxs>6</NbOfTxs></Btch><TxDtls><Amt Ccy="EUR">250492.73</Amt></TxDtls></NtryDtls></Ntry><Ntry><NtryRef>REF000005435235</NtryRef><Amt Ccy="EUR">64820.42</Amt><CdtDbtInd>DBIT</CdtDbtInd><AcctSvcrRef>REF000005448309</AcctSvcrRef><BkTxCd><Prtry><Cd>ATSISK</Cd></Prtry></BkTxCd><NtryDtls><Btch><NbOfTxs>3</NbOfTxs></Btch><TxDtls><Amt Ccy="EUR">64820.42</Amt></TxDtls></NtryDtls></Ntry><Ntry><NtryRef>REF000005459900</NtryRef><Amt Ccy="EUR">81381</Amt><CdtDbtInd>DBIT</CdtDbtInd><AcctSvcrRef>REF000005469124</AcctSvcrRef><BkTxCd><Prtry><Cd>ATSISK</Cd></Prtry></BkTxCd><NtryDtls><Btch><NbOfTxs>2</NbOfTxs></Btch><TxDtls><Amt Ccy="EUR">81381</Amt></TxDtls></NtryDtls></Ntry><Ntry><NtryRef>REF000005471655</NtryRef><Amt Ccy="EUR">2</Amt><CdtDbtInd>DBIT</CdtDbtInd><AcctSvcrRef>REF000005485284</AcctSvcrRef><BkTxCd><Prtry><Cd>ATSISK</Cd></Prtry></BkTxCd><NtryDtls><Btch><NbOfTxs>1</NbOfTxs></Btch><TxDtls><Amt Ccy="EUR">2</Amt></TxDtls></NtryDtls></Ntry><Ntry><NtryRef>REF000005498113</NtryRef><Amt Ccy="EUR">72253</Amt><CdtDbtInd>DBIT</CdtDbtInd><AcctSvcrRef>REF000005509931</AcctSvcrRef><BkTxCd><Prtry><Cd>ATSISK</Cd></Prtry></BkTxCd><NtryDtls><Btch><NbOfTxs>1</NbOfTxs></Btch><TxDtls><Amt Ccy="EUR">72253</Amt></TxDtls></NtryDtls></Ntry><Ntry><NtryRef>REF000005514093</NtryRef><Amt Ccy="EUR">24197</Amt><CdtDbtInd>DBIT</CdtDbtInd><AcctSvcrRef>REF000005523955</AcctSvcrRef><BkTxCd><Prtry><Cd>ATSISK</Cd></Prtry></BkTxCd><NtryDtls><Btch><NbOfTxs>1</NbOfTxs></Btch><TxDtls><Amt Ccy="EUR">24197</Amt></TxDtls></NtryDtls></Ntry></Stmt><Stmt><Id>MSG77816351-KGDVWB</Id><Acct><Id><Othr><Id>LT414319056143772570</Id></Othr></Id><Tp><Prtry>ATSSK2</Prtry></Tp><Ccy>EUR</Ccy><Ownr><Id><OrgId><AnyBIC>DEUTBEB4NDX</AnyBIC></OrgId></Id></Ownr></Acct><Bal><Tp><CdOrPrtry><Cd>OPBD</Cd></CdOrPrtry></Tp><Amt Ccy="EUR">801.55</Amt><Dt><Dt>2024-04-26</Dt></Dt><Avlbty><Amt Ccy="EUR">801.55</Amt></Avlbty></Bal><Bal><Tp><CdOrPrtry><Cd>CLBD</Cd></CdOrPrtry></Tp><Amt Ccy="EUR">801.55</Amt><Dt><Dt>2024-04-26</Dt></Dt><Avlbty><Amt Ccy="EUR">801.55</Amt></Avlbty></Bal></Stmt></BkToCstmrStmt></Document>
