<?xml version='1.0' encoding='utf-8'?>
<Document xmlns="urn:iso:std:iso:20022:tech:xsd:camt.053.001.08"><BkToCstmrStmt><GrpHdr><MsgId>MSG85943600-MFLMRM</MsgId><CreDtTm>2024-05-14T19:46:22.477+03:00</CreDtTm><MsgPgntn><PgNb>2</PgNb><LastPgInd>true</LastPgInd></MsgPgntn><OrgnlBizQry><MsgId>MSG94546183-KFHYNJ</MsgId></OrgnlBizQry></GrpHdr><Stmt><Id>MSG42318228-ZLVZPW</Id><Acct><Id><Othr><Id>LT625883379695428516</Id></Othr></Id><Tp><Prtry>ATSISK</Prtry></Tp><Ccy>EUR</Ccy><Ownr><Id><OrgId><AnyBIC>DEUTBEB4NDX</AnyBIC></OrgId></Id></Ownr></Acct><Bal><Tp><CdOrPrtry><Cd>OPBD</Cd></CdOrPrtry></Tp><Amt Ccy="EUR">18545151.25</Amt><Dt><Dt>2024-05-14</Dt></Dt><Avlbty><Amt Ccy="EUR">18544151.25</Amt></Avlbty></Bal><Bal><Tp><CdOrPrtry><Cd>CLBD</Cd></CdOrPrtry></Tp><Amt Ccy="EUR">16335663.78</Amt><Dt><Dt>2024-05-14</Dt></Dt><Avlbty><Amt Ccy="EUR">16334663.78</Amt></Avlbty></Bal><Ntry><NtryRef>REF000007371558</NtryRef><Amt Ccy="EUR">80643</Amt><CdtDbtInd>DBIT</CdtDbtInd><AcctSvcrRef>REF000007383800</AcctSvcrRef><BkTxCd><Prtry><Cd>ATSISK</Cd></Prtry></BkTxCd><NtryDtls><Btch><NbOfTxs>1</NbOfTxs></Btch><TxDtls><Amt Ccy="EUR">80643</Amt></TxDtls></NtryDtls></Ntry><Ntry><NtryRef>REF000007399665</NtryRef><Amt Ccy="EUR">44353.04</Amt><CdtDbtInd>DBIT</CdtDbtInd><AcctSvcrRef>REF000007406020</AcctSvcrRef><BkTxCd><Prtry><Cd>ATSISK</Cd></Prtry></BkTxCd><NtryDtls><Btch><NbOfTxs>1</NbOfTxs></Btch><TxDtls><Amt Ccy="EUR">44353.04</Amt></TxDtls></NtryDtls></Ntry><Ntry><NtryRef>REF000007411092</NtryRef><Amt Ccy="EUR">1018942.46</Amt><CdtDbtInd>CRDT</CdtDbtInd><AcctSvcrRef>REF000007425239</AcctSvcrRef><BkTxCd><Prtry><Cd>ATSISK</Cd></Prtry></BkTxCd><NtryDtls><Btch><NbOfTxs>209</NbOfTxs></Btch><TxDtls><Amt Ccy="EUR">1018942.46</Amt></TxDtls></NtryDtls></Ntry><Ntry><NtryRef>REF000007438227</NtryRef><Amt Ccy="EUR">86980.5</Amt><CdtDbtInd>DBIT</CdtDbtInd><AcctSvcrRef>REF000007442605</AcctSvcrRef><BkTxCd><Prtry><Cd>ATSISK</Cd></Prtry></BkTxCd><NtryDtls><Btch><NbOfTxs>1</NbOfTxs></Btch><TxDtls><Amt Ccy="EUR">86980.5</Amt></TxDtls></NtryDtls></Ntry><Ntry><NtryRef>REF000007451734</NtryRef><Amt Ccy="EUR">413778.72</Amt><CdtDbtInd>DBIT</CdtDbtInd><AcctSvcrRef>REF000007469955</AcctSvcrRef><BkTxCd><Prtry><Cd>KLIRNG</Cd></Prtry></BkTxCd><NtryDtls><Btch><NbOfTxs>7</NbOfTxs></Btch><TxDtls><Amt Ccy="EUR">413778.72</Amt></TxDtls></NtryDtls></Ntry><Ntry><NtryRef>REF000007475235</NtryRef><Amt Ccy="EUR">2315197</Amt><CdtDbtInd>DBIT</CdtDbtInd><AcctSvcrRef>REF000007488309</AcctSvcrRef><BkTxCd><Prtry><Cd>ATSISK</Cd></Prtry></BkTxCd><NtryDtls><Btch><NbOfTxs>8</NbOfTxs></Btch><TxDtls><Amt Ccy="EUR">2315197</Amt></TxDtls></NtryDtls></Ntry><Ntry><NtryRef>REF000007491994</NtryRef><Amt Ccy="EUR">6784.33</Amt><CdtDbtInd>CRDT</CdtDbtInd><AcctSvcrRef>REF000007508042</AcctSvcrRef><BkTxCd><Prtry><Cd>ATSISK</Cd></Prtry></BkTxCd><NtryDtls><Btch><NbOfTxs>1</NbOfTxs></Btch><TxDtls><Amt Ccy="EUR">6784.33</Amt></TxDtls></NtryDtls></Ntry><Ntry><NtryRef>REF000007519900</NtryRef><Amt Ccy="EUR">50128</Amt><CdtDbtInd>DBIT</CdtDbtInd><AcctSvcrRef>REF000007529124</AcctSvcrRef><BkTxCd><Prtry><Cd>ATSISK</Cd></Prtry></BkTxCd><NtryDtls><Btch><NbOfTxs>1</NbOfTxs></Btch><TxDtls><Amt Ccy="EUR">50128</Amt></TxDtls></NtryDtls></Ntry><Ntry><NtryRef>REF000007534704</NtryRef><Amt Ccy="EUR">11000</Amt><CdtDbtInd>DBIT</CdtDbtInd><AcctSvcrRef>REF000007544477</AcctSvcrRef><BkTxCd><Prtry><Cd>ATSISK</Cd></Prtry></BkTxCd><NtryDtls><Btch><NbOfTxs>1</NbOfTxs></Btch><TxDtls><Amt Ccy="EUR">11000</Amt></TxDtls></NtryDtls></Ntry><Ntry><NtryRef>REF000007554093</NtryRef><Amt Ccy="EUR">233134</Amt><CdtDbtInd>DBIT</CdtDbtInd><AcctSvcrRef>REF000007563955</AcctSvcrRef><BkTxCd><Prtry><Cd>ATSISK</Cd></Prtry></BkTxCd><NtryDtls><Btch><NbOfTxs>1</NbOfTxs></Btch><TxDtls><Amt Ccy="EUR">233134</Amt></TxDtls></NtryDtls></Ntry></Stmt><Stmt><Id>MSG64533871-GFTUVI</Id><Acct><Id><Othr><Id>LT414319056143772570</Id></Othr></Id><Tp><Prtry>ATSSK2</Prtry></Tp><Ccy>EUR</Ccy><Ownr><Id><OrgId><AnyBIC>DEUTBEB4NDX</AnyBIC></OrgId></Id></Ownr></Acct><Bal><Tp><CdOrPrtry><Cd>OPBD</Cd></CdOrPrtry></Tp><Amt Ccy="EUR">801.55</Amt><Dt><Dt>2024-05-14</Dt></Dt><Avlbty><Amt Ccy="EUR">801.55</Amt></Avlbty></Bal><Bal><Tp><CdOrPrtry><Cd>CLBD</Cd></CdOrPrtry></Tp><Amt Ccy="EUR">801.55</Amt><Dt><Dt>2024-05-14</Dt></Dt><Avlbty><Amt Ccy="EUR">801.55</Amt></Avlbty></Bal></Stmt></BkToCstmrStmt></Document>
