<?xml version='1.0' encoding='utf-8'?>
<Document xmlns="urn:iso:std:iso:20022:tech:xsd:camt.053.001.08"><BkToCstmrStmt><GrpHdr><MsgId>MSG85943600-MFLMRM</MsgId><CreDtTm>2024-03-11T19:47:28.787+02:00</CreDtTm><MsgPgntn><PgNb>2</PgNb><LastPgInd>true</LastPgInd></MsgPgntn><OrgnlBizQry><MsgId>MSG26374030-YPVABQ</MsgId></OrgnlBizQry></GrpHdr><Stmt><Id>MSG98493437-ZAWKOB</Id><Acct><Id><Othr><Id>LT625883379695428516</Id></Othr></Id><Tp><Prtry>ATSISK</Prtry></Tp><Ccy>EUR</Ccy><Ownr><Id><OrgId><AnyBIC>DEUTBEB4NDX</AnyBIC></OrgId></Id></Ownr></Acct><Bal><Tp><CdOrPrtry><Cd>OPBD</Cd></CdOrPrtry></Tp><Amt Ccy="EUR">27229398.96</Amt><Dt><Dt>2024-03-11</Dt></Dt><Avlbty><Amt Ccy="EUR">27228398.96</Amt></Avlbty></Bal><Bal><Tp><CdOrPrtry><Cd>CLBD</Cd></CdOrPrtry></Tp><Amt Ccy="EUR">29194819.2</Amt><Dt><Dt>2024-03-11</Dt></Dt><Avlbty><Amt Ccy="EUR">29193819.2</Amt></Avlbty></Bal><Ntry><NtryRef>REF000000151558</NtryRef><Amt Ccy="EUR">19710</Amt><CdtDbtInd>DBIT</CdtDbtInd><AcctSvcrRef>REF000000163800</AcctSvcrRef><BkTxCd><Prtry><Cd>ATSISK</Cd></Prtry></BkTxCd><NtryDtls><Btch><NbOfTxs>1</NbOfTxs></Btch><TxDtls><Amt Ccy="EUR">19710</Amt></TxDtls></NtryDtls></Ntry><Ntry><NtryRef>REF000000178280</NtryRef><Amt Ccy="EUR">1</Amt><CdtDbtInd>DBIT</CdtDbtInd><AcctSvcrRef>REF000000181452</AcctSvcrRef><BkTxCd><Prtry><Cd>ATSISK</Cd></Prtry></BkTxCd><NtryDtls><Btch><NbOfTxs>1</NbOfTxs></Btch><TxDtls><Amt Ccy="EUR">1</Amt></TxDtls></NtryDtls></Ntry><Ntry><NtryRef>REF000000199665</NtryRef><Amt Ccy="EUR">220106</Amt><CdtDbtInd>DBIT</CdtDbtInd><AcctSvcrRef>REF000000206020</AcctSvcrRef><BkTxCd><Prtry><Cd>ATSISK</Cd></Prtry></BkTxCd><NtryDtls><Btch><NbOfTxs>3</NbOfTxs></Btch><TxDtls><Amt Ccy="EUR">220106</Amt></TxDtls></NtryDtls></Ntry><Ntry><NtryRef>REF000000211092</NtryRef><Amt Ccy="EUR">2448719.42</Amt><CdtDbtInd>CRDT</CdtDbtInd><AcctSvcrRef>REF000000225239</AcctSvcrRef><BkTxCd><Prtry><Cd>ATSISK</Cd></Prtry></BkTxCd><NtryDtls><Btch><NbOfTxs>80</NbOfTxs></Btch><TxDtls><Amt Ccy="EUR">2448719.42</Amt></TxDtls></NtryDtls></Ntry><Ntry><NtryRef>REF000000231734</NtryRef><Amt Ccy="EUR">354503.18</Amt><CdtDbtInd>DBIT</CdtDbtInd><AcctSvcrRef>REF000000249955</AcctSvcrRef><BkTxCd><Prtry><Cd>KLIRNG</Cd></Prtry></BkTxCd><NtryDtls><Btch><NbOfTxs>5</NbOfTxs></Btch><TxDtls><Amt Ccy="EUR">354503.18</Amt></TxDtls></NtryDtls></Ntry><Ntry><NtryRef>REF000000256050</NtryRef><Amt Ccy="EUR">111012</Amt><CdtDbtInd>CRDT</CdtDbtInd><AcctSvcrRef>REF000000261303</AcctSvcrRef><BkTxCd><Prtry><Cd>ATSISK</Cd></Prtry></BkTxCd><NtryDtls><Btch><NbOfTxs>1</NbOfTxs></Btch><TxDtls><Amt Ccy="EUR">111012</Amt></TxDtls></NtryDtls></Ntry><Ntry><NtryRef>REF000000276776</NtryRef><Amt Ccy="EUR">10</Amt><CdtDbtInd>CRDT</CdtDbtInd><AcctSvcrRef>REF000000284080</AcctSvcrRef><BkTxCd><Prtry><Cd>ATSISK</Cd></Prtry></BkTxCd><NtryDtls><Btch><NbOfTxs>1</NbOfTxs></Btch><TxDtls><Amt Ccy="EUR">10</Amt></TxDtls></NtryDtls></Ntry><Ntry><NtryRef>REF000000291655</NtryRef><Amt Ccy="EUR">1</Amt><CdtDbtInd>DBIT</CdtDbtInd><AcctSvcrRef>REF000000305284</AcctSvcrRef><BkTxCd><Prtry><Cd>ATSISK</Cd></Prtry></BkTxCd><NtryDtls><Btch><NbOfTxs>1</NbOfTxs></Btch><TxDtls><Amt Ccy="EUR">1</Amt></TxDtls></NtryDtls></Ntry></Stmt><Stmt><Id>MSG69573428-IKYOLC</Id><Acct><Id><Othr><Id>LT414319056143772570</Id></Othr></Id><Tp><Prtry>ATSSK2</Prtry></Tp><Ccy>EUR</Ccy><Ownr><Id><OrgId><AnyBIC>DEUTBEB4NDX</AnyBIC></OrgId></Id></Ownr></Acct><Bal><Tp><CdOrPrtry><Cd>OPBD</Cd></CdOrPrtry></Tp><Amt Ccy="EUR">4801.55</Amt><Dt><Dt>2024-03-11</Dt></Dt><Avlbty><Amt Ccy="EUR">4801.55</Amt></Avlbty></Bal><Bal><Tp><CdOrPrtry><Cd>CLBD</Cd></CdOrPrtry></Tp><Amt Ccy="EUR">4801.55</Amt><Dt><Dt>2024-03-11</Dt></Dt><Avlbty><Amt Ccy="EUR">4801.55</Amt></Avlbty></Bal></Stmt></BkToCstmrStmt></Document>
