<?xml version='1.0' encoding='utf-8'?>
<Document xmlns="urn:iso:std:iso:20022:tech:xsd:camt.053.001.08"><BkToCstmrStmt><GrpHdr><MsgId>MSG85943600-MFLMRM</MsgId><CreDtTm>2024-04-15T19:48:24.112+03:00</CreDtTm><MsgPgntn><PgNb>2</PgNb><LastPgInd>true</LastPgInd></MsgPgntn><OrgnlBizQry><MsgId>MSG73438452-WLKYPF</MsgId></OrgnlBizQry></GrpHdr><Stmt><Id>MSG44489166-IEHDBQ</Id><Acct><Id><Othr><Id>LT625883379695428516</Id></Othr></Id><Tp><Prtry>ATSISK</Prtry></Tp><Ccy>EUR</Ccy><Ownr><Id><OrgId><AnyBIC>DEUTBEB4NDX</AnyBIC></OrgId></Id></Ownr></Acct><Bal><Tp><CdOrPrtry><Cd>OPBD</Cd></CdOrPrtry></Tp><Amt Ccy="EUR">18637895.31</Amt><Dt><Dt>2024-04-15</Dt></Dt><Avlbty><Amt Ccy="EUR">18636895.31</Amt></Avlbty></Bal><Bal><Tp><CdOrPrtry><Cd>CLBD</Cd></CdOrPrtry></Tp><Amt Ccy="EUR">18616992.33</Amt><Dt><Dt>2024-04-15</Dt></Dt><Avlbty><Amt Ccy="EUR">18615992.33</Amt></Avlbty></Bal><Ntry><NtryRef>REF000004091092</NtryRef><Amt Ccy="EUR">431743.21</Amt><CdtDbtInd>CRDT</CdtDbtInd><AcctSvcrRef>REF000004105239</AcctSvcrRef><BkTxCd><Prtry><Cd>ATSISK</Cd></Prtry></BkTxCd><NtryDtls><Btch><NbOfTxs>162</NbOfTxs></Btch><TxDtls><Amt Ccy="EUR">431743.21</Amt></TxDtls></NtryDtls></Ntry><Ntry><NtryRef>REF000004111734</NtryRef><Amt Ccy="EUR">389760.08</Amt><CdtDbtInd>DBIT</CdtDbtInd><AcctSvcrRef>REF000004129955</AcctSvcrRef><BkTxCd><Prtry><Cd>KLIRNG</Cd></Prtry></BkTxCd><NtryDtls><Btch><NbOfTxs>7</NbOfTxs></Btch><TxDtls><Amt Ccy="EUR">389760.08</Amt></TxDtls></NtryDtls></Ntry><Ntry><NtryRef>REF000004134815</NtryRef><Amt Ccy="EUR">62906.11</Amt><CdtDbtInd>DBIT</CdtDbtInd><AcctSvcrRef>REF000004142595</AcctSvcrRef><BkTxCd><Prtry><Cd>ATSISK</Cd></Prtry></BkTxCd><NtryDtls><Btch><NbOfTxs>1</NbOfTxs></Btch><TxDtls><Amt Ccy="EUR">62906.11</Amt></TxDtls></NtryDtls></Ntry><Ntry><NtryRef>REF000004156776</NtryRef><Amt Ccy="EUR">20</Amt><CdtDbtInd>CRDT</CdtDbtInd><AcctSvcrRef>REF000004164080</AcctSvcrRef><BkTxCd><Prtry><Cd>ATSISK</Cd></Prtry></BkTxCd><NtryDtls><Btch><NbOfTxs>1</NbOfTxs></Btch><TxDtls><Amt Ccy="EUR">20</Amt></TxDtls></NtryDtls></Ntry></Stmt><Stmt><Id>MSG75461822-BUCKQT</Id><Acct><Id><Othr><Id>LT414319056143772570</Id></Othr></Id><Tp><Prtry>ATSSK2</Prtry></Tp><Ccy>EUR</Ccy><Ownr><Id><OrgId><AnyBIC>DEUTBEB4NDX</AnyBIC></OrgId></Id></Ownr></Acct><Bal><Tp><CdOrPrtry><Cd>OPBD</Cd></CdOrPrtry></Tp><Amt Ccy="EUR">2801.55</Amt><Dt><Dt>2024-04-15</Dt></Dt><Avlbty><Amt Ccy="EUR">2801.55</Amt></Avlbty></Bal><Bal><Tp><CdOrPrtry><Cd>CLBD</Cd></CdOrPrtry></Tp><Amt Ccy="EUR">2801.55</Amt><Dt><Dt>2024-04-15</Dt></Dt><Avlbty><Amt Ccy="EUR">2801.55</Amt></Avlbty></Bal></Stmt></BkToCstmrStmt></Document>
