<?xml version='1.0' encoding='utf-8'?>
<Document xmlns="urn:iso:std:iso:20022:tech:xsd:camt.053.001.08"><BkToCstmrStmt><GrpHdr><MsgId>MSG85943600-MFLMRM</MsgId><CreDtTm>2024-04-10T19:48:21.842+03:00</CreDtTm><MsgPgntn><PgNb>2</PgNb><LastPgInd>true</LastPgInd></MsgPgntn><OrgnlBizQry><MsgId>MSG21962507-XXZMHM</MsgId></OrgnlBizQry></GrpHdr><Stmt><Id>MSG22808644-VQSCJZ</Id><Acct><Id><Othr><Id>LT625883379695428516</Id></Othr></Id><Tp><Prtry>ATSISK</Prtry></Tp><Ccy>EUR</Ccy><Ownr><Id><OrgId><AnyBIC>DEUTBEB4NDX</AnyBIC></OrgId></Id></Ownr></Acct><Bal><Tp><CdOrPrtry><Cd>OPBD</Cd></CdOrPrtry></Tp><Amt Ccy="EUR">19629732.55</Amt><Dt><Dt>2024-04-10</Dt></Dt><Avlbty><Amt Ccy="EUR">19628732.55</Amt></Avlbty></Bal><Bal><Tp><CdOrPrtry><Cd>CLBD</Cd></CdOrPrtry></Tp><Amt Ccy="EUR">21463830.35</Amt><Dt><Dt>2024-04-10</Dt></Dt><Avlbty><Amt Ccy="EUR">21462830.35</Amt></Avlbty></Bal><Ntry><NtryRef>REF000003451558</NtryRef><Amt Ccy="EUR">263037</Amt><CdtDbtInd>DBIT</CdtDbtInd><AcctSvcrRef>REF000003463800</AcctSvcrRef><BkTxCd><Prtry><Cd>ATSISK</Cd></Prtry></BkTxCd><NtryDtls><Btch><NbOfTxs>2</NbOfTxs></Btch><TxDtls><Amt Ccy="EUR">263037</Amt></TxDtls></NtryDtls></Ntry><Ntry><NtryRef>REF000003477264</NtryRef><Amt Ccy="EUR">7798.5</Amt><CdtDbtInd>CRDT</CdtDbtInd><AcctSvcrRef>REF000003486646</AcctSvcrRef><BkTxCd><Prtry><Cd>ATSISK</Cd></Prtry></BkTxCd><NtryDtls><Btch><NbOfTxs>1</NbOfTxs></Btch><TxDtls><Amt Ccy="EUR">7798.5</Amt></TxDtls></NtryDtls></Ntry><Ntry><NtryRef>REF000003491092</NtryRef><Amt Ccy="EUR">3384175.23</Amt><CdtDbtInd>CRDT</CdtDbtInd><AcctSvcrRef>REF000003505239</AcctSvcrRef><BkTxCd><Prtry><Cd>ATSISK</Cd></Prtry></BkTxCd><NtryDtls><Btch><NbOfTxs>179</NbOfTxs></Btch><TxDtls><Amt Ccy="EUR">3384175.23</Amt></TxDtls></NtryDtls></Ntry><Ntry><NtryRef>REF000003518851</NtryRef><Amt Ccy="EUR">559.02</Amt><CdtDbtInd>DBIT</CdtDbtInd><AcctSvcrRef>REF000003521558</AcctSvcrRef><BkTxCd><Prtry><Cd>ATSISK</Cd></Prtry></BkTxCd><NtryDtls><Btch><NbOfTxs>1</NbOfTxs></Btch><TxDtls><Amt Ccy="EUR">559.02</Amt></TxDtls></NtryDtls></Ntry><Ntry><NtryRef>REF000003531734</NtryRef><Amt Ccy="EUR">1212548.27</Amt><CdtDbtInd>DBIT</CdtDbtInd><AcctSvcrRef>REF000003549955</AcctSvcrRef><BkTxCd><Prtry><Cd>KLIRNG</Cd></Prtry></BkTxCd><NtryDtls><Btch><NbOfTxs>6</NbOfTxs></Btch><TxDtls><Amt Ccy="EUR">1212548.27</Amt></TxDtls></NtryDtls></Ntry><Ntry><NtryRef>REF000003559683</NtryRef><Amt Ccy="EUR">71603.95</Amt><CdtDbtInd>DBIT</CdtDbtInd><AcctSvcrRef>REF000003568629</AcctSvcrRef><BkTxCd><Prtry><Cd>ATSISK</Cd></Prtry></BkTxCd><NtryDtls><Btch><NbOfTxs>1</NbOfTxs></Btch><TxDtls><Amt Ccy="EUR">71603.95</Amt></TxDtls></NtryDtls></Ntry><Ntry><NtryRef>REF000003571655</NtryRef><Amt Ccy="EUR">16884.69</Amt><CdtDbtInd>DBIT</CdtDbtInd><AcctSvcrRef>REF000003585284</AcctSvcrRef><BkTxCd><Prtry><Cd>ATSISK</Cd></Prtry></BkTxCd><NtryDtls><Btch><NbOfTxs>2</NbOfTxs></Btch><TxDtls><Amt Ccy="EUR">16884.69</Amt></TxDtls></NtryDtls></Ntry><Ntry><NtryRef>REF000003599407</NtryRef><Amt Ccy="EUR">1</Amt><CdtDbtInd>DBIT</CdtDbtInd><AcctSvcrRef>REF000003609658</AcctSvcrRef><BkTxCd><Prtry><Cd>ATSISK</Cd></Prtry></BkTxCd><NtryDtls><Btch><NbOfTxs>1</NbOfTxs></Btch><TxDtls><Amt Ccy="EUR">1</Amt></TxDtls></NtryDtls></Ntry><Ntry><NtryRef>REF000003616052</NtryRef><Amt Ccy="EUR">6758</Amt><CdtDbtInd>CRDT</CdtDbtInd><AcctSvcrRef>REF000003623333</AcctSvcrRef><BkTxCd><Prtry><Cd>ATSISK</Cd></Prtry></BkTxCd><NtryDtls><Btch><NbOfTxs>1</NbOfTxs></Btch><TxDtls><Amt Ccy="EUR">6758</Amt></TxDtls></NtryDtls></Ntry></Stmt><Stmt><Id>MSG64331273-ZULXFQ</Id><Acct><Id><Othr><Id>LT414319056143772570</Id></Othr></Id><Tp><Prtry>ATSSK2</Prtry></Tp><Ccy>EUR</Ccy><Ownr><Id><OrgId><AnyBIC>DEUTBEB4NDX</AnyBIC></OrgId></Id></Ownr></Acct><Bal><Tp><CdOrPrtry><Cd>OPBD</Cd></CdOrPrtry></Tp><Amt Ccy="EUR">2801.55</Amt><Dt><Dt>2024-04-10</Dt></Dt><Avlbty><Amt Ccy="EUR">2801.55</Amt></Avlbty></Bal><Bal><Tp><CdOrPrtry><Cd>CLBD</Cd></CdOrPrtry></Tp><Amt Ccy="EUR">2801.55</Amt><Dt><Dt>2024-04-10</Dt></Dt><Avlbty><Amt Ccy="EUR">2801.55</Amt></Avlbty></Bal></Stmt></BkToCstmrStmt></Document>
