<?xml version='1.0' encoding='utf-8'?>
<Document xmlns="urn:iso:std:iso:20022:tech:xsd:camt.053.001.08"><BkToCstmrStmt><GrpHdr><MsgId>MSG85943600-MFLMRM</MsgId><CreDtTm>2024-08-29T19:47:13.357+03:00</CreDtTm><MsgPgntn><PgNb>1</PgNb><LastPgInd>true</LastPgInd></MsgPgntn><OrgnlBizQry><MsgId>MSG69189330-WYRMDT</MsgId></OrgnlBizQry></GrpHdr><Stmt><Id>MSG48611557-SHZDTV</Id><Acct><Id><Othr><Id>LT625883379695428516</Id></Othr></Id><Tp><Prtry>ATSISK</Prtry></Tp><Ccy>EUR</Ccy><Ownr><Id><OrgId><AnyBIC>DEUTBEB4NDX</AnyBIC></OrgId></Id></Ownr></Acct><Bal><Tp><CdOrPrtry><Cd>OPBD</Cd></CdOrPrtry></Tp><Amt Ccy="EUR">14853172.53</Amt><Dt><Dt>2024-08-29</Dt></Dt><Avlbty><Amt Ccy="EUR">14852172.53</Amt></Avlbty></Bal><Bal><Tp><CdOrPrtry><Cd>CLBD</Cd></CdOrPrtry></Tp><Amt Ccy="EUR">16330637.53</Amt><Dt><Dt>2024-08-29</Dt></Dt><Avlbty><Amt Ccy="EUR">16329637.53</Amt></Avlbty></Bal><Ntry><NtryRef>REF000019817264</NtryRef><Amt Ccy="EUR">50</Amt><CdtDbtInd>CRDT</CdtDbtInd><AcctSvcrRef>REF000019826646</AcctSvcrRef><BkTxCd><Prtry><Cd>ATSISK</Cd></Prtry></BkTxCd><NtryDtls><Btch><NbOfTxs>1</NbOfTxs></Btch><TxDtls><Amt Ccy="EUR">50</Amt></TxDtls></NtryDtls></Ntry><Ntry><NtryRef>REF000019839665</NtryRef><Amt Ccy="EUR">38299.77</Amt><CdtDbtInd>DBIT</CdtDbtInd><AcctSvcrRef>REF000019846020</AcctSvcrRef><BkTxCd><Prtry><Cd>ATSISK</Cd></Prtry></BkTxCd><NtryDtls><Btch><NbOfTxs>1</NbOfTxs></Btch><TxDtls><Amt Ccy="EUR">38299.77</Amt></TxDtls></NtryDtls></Ntry><Ntry><NtryRef>REF000019851092</NtryRef><Amt Ccy="EUR">1102151.09</Amt><CdtDbtInd>CRDT</CdtDbtInd><AcctSvcrRef>REF000019865239</AcctSvcrRef><BkTxCd><Prtry><Cd>ATSISK</Cd></Prtry></BkTxCd><NtryDtls><Btch><NbOfTxs>389</NbOfTxs></Btch><TxDtls><Amt Ccy="EUR">1102151.09</Amt></TxDtls></NtryDtls></Ntry><Ntry><NtryRef>REF000019871331</NtryRef><Amt Ccy="EUR">29493</Amt><CdtDbtInd>DBIT</CdtDbtInd><AcctSvcrRef>REF000019881748</AcctSvcrRef><BkTxCd><Prtry><Cd>ATSISK</Cd></Prtry></BkTxCd><NtryDtls><Btch><NbOfTxs>1</NbOfTxs></Btch><TxDtls><Amt Ccy="EUR">29493</Amt></TxDtls></NtryDtls></Ntry><Ntry><NtryRef>REF000019891734</NtryRef><Amt Ccy="EUR">194969.48</Amt><CdtDbtInd>DBIT</CdtDbtInd><AcctSvcrRef>REF000019909955</AcctSvcrRef><BkTxCd><Prtry><Cd>KLIRNG</Cd></Prtry></BkTxCd><NtryDtls><Btch><NbOfTxs>6</NbOfTxs></Btch><TxDtls><Amt Ccy="EUR">194969.48</Amt></TxDtls></NtryDtls></Ntry><Ntry><NtryRef>REF000019919900</NtryRef><Amt Ccy="EUR">21161</Amt><CdtDbtInd>DBIT</CdtDbtInd><AcctSvcrRef>REF000019929124</AcctSvcrRef><BkTxCd><Prtry><Cd>ATSISK</Cd></Prtry></BkTxCd><NtryDtls><Btch><NbOfTxs>2</NbOfTxs></Btch><TxDtls><Amt Ccy="EUR">21161</Amt></TxDtls></NtryDtls></Ntry><Ntry><NtryRef>REF000019936002</NtryRef><Amt Ccy="EUR">673342.49</Amt><CdtDbtInd>CRDT</CdtDbtInd><AcctSvcrRef>REF000019949457</AcctSvcrRef><BkTxCd><Prtry><Cd>ATSISK</Cd></Prtry></BkTxCd><NtryDtls><Btch><NbOfTxs>1</NbOfTxs></Btch><TxDtls><Amt Ccy="EUR">673342.49</Amt></TxDtls></NtryDtls></Ntry><Ntry><NtryRef>REF000019954704</NtryRef><Amt Ccy="EUR">19800</Amt><CdtDbtInd>DBIT</CdtDbtInd><AcctSvcrRef>REF000019964477</AcctSvcrRef><BkTxCd><Prtry><Cd>ATSISK</Cd></Prtry></BkTxCd><NtryDtls><Btch><NbOfTxs>2</NbOfTxs></Btch><TxDtls><Amt Ccy="EUR">19800</Amt></TxDtls></NtryDtls></Ntry><Ntry><NtryRef>REF000019978735</NtryRef><Amt Ccy="EUR">65644.67</Amt><CdtDbtInd>CRDT</CdtDbtInd><AcctSvcrRef>REF000019985676</AcctSvcrRef><BkTxCd><Prtry><Cd>ATSISK</Cd></Prtry></BkTxCd><NtryDtls><Btch><NbOfTxs>2</NbOfTxs></Btch><TxDtls><Amt Ccy="EUR">65644.67</Amt></TxDtls></NtryDtls></Ntry><Ntry><NtryRef>REF000019991655</NtryRef><Amt Ccy="EUR">60000</Amt><CdtDbtInd>DBIT</CdtDbtInd><AcctSvcrRef>REF000020005284</AcctSvcrRef><BkTxCd><Prtry><Cd>ATSISK</Cd></Prtry></BkTxCd><NtryDtls><Btch><NbOfTxs>1</NbOfTxs></Btch><TxDtls><Amt Ccy="EUR">60000</Amt></TxDtls></NtryDtls></Ntry></Stmt></BkToCstmrStmt></Document>
