<?xml version='1.0' encoding='utf-8'?>
<Document xmlns="urn:iso:std:iso:20022:tech:xsd:camt.053.001.08"><BkToCstmrStmt><GrpHdr><MsgId>MSG85943600-MFLMRM</MsgId><CreDtTm>2024-04-08T19:48:29.679+03:00</CreDtTm><MsgPgntn><PgNb>2</PgNb><LastPgInd>true</LastPgInd></MsgPgntn><OrgnlBizQry><MsgId>MSG17194186-VLYGJY</MsgId></OrgnlBizQry></GrpHdr><Stmt><Id>MSG20957260-HLXFWX</Id><Acct><Id><Othr><Id>LT625883379695428516</Id></Othr></Id><Tp><Prtry>ATSISK</Prtry></Tp><Ccy>EUR</Ccy><Ownr><Id><OrgId><AnyBIC>DEUTBEB4NDX</AnyBIC></OrgId></Id></Ownr></Acct><Bal><Tp><CdOrPrtry><Cd>OPBD</Cd></CdOrPrtry></Tp><Amt Ccy="EUR">19314114.37</Amt><Dt><Dt>2024-04-08</Dt></Dt><Avlbty><Amt Ccy="EUR">19313114.37</Amt></Avlbty></Bal><Bal><Tp><CdOrPrtry><Cd>CLBD</Cd></CdOrPrtry></Tp><Amt Ccy="EUR">19193845.05</Amt><Dt><Dt>2024-04-08</Dt></Dt><Avlbty><Amt Ccy="EUR">19192845.05</Amt></Avlbty></Bal><Ntry><NtryRef>REF000003251558</NtryRef><Amt Ccy="EUR">251773.22</Amt><CdtDbtInd>DBIT</CdtDbtInd><AcctSvcrRef>REF000003263800</AcctSvcrRef><BkTxCd><Prtry><Cd>ATSISK</Cd></Prtry></BkTxCd><NtryDtls><Btch><NbOfTxs>1</NbOfTxs></Btch><TxDtls><Amt Ccy="EUR">251773.22</Amt></TxDtls></NtryDtls></Ntry><Ntry><NtryRef>REF000003271092</NtryRef><Amt Ccy="EUR">672755.05</Amt><CdtDbtInd>CRDT</CdtDbtInd><AcctSvcrRef>REF000003285239</AcctSvcrRef><BkTxCd><Prtry><Cd>ATSISK</Cd></Prtry></BkTxCd><NtryDtls><Btch><NbOfTxs>246</NbOfTxs></Btch><TxDtls><Amt Ccy="EUR">672755.05</Amt></TxDtls></NtryDtls></Ntry><Ntry><NtryRef>REF000003298851</NtryRef><Amt Ccy="EUR">1000</Amt><CdtDbtInd>DBIT</CdtDbtInd><AcctSvcrRef>REF000003301558</AcctSvcrRef><BkTxCd><Prtry><Cd>ATSISK</Cd></Prtry></BkTxCd><NtryDtls><Btch><NbOfTxs>1</NbOfTxs></Btch><TxDtls><Amt Ccy="EUR">1000</Amt></TxDtls></NtryDtls></Ntry><Ntry><NtryRef>REF000003311734</NtryRef><Amt Ccy="EUR">451637.15</Amt><CdtDbtInd>DBIT</CdtDbtInd><AcctSvcrRef>REF000003329955</AcctSvcrRef><BkTxCd><Prtry><Cd>KLIRNG</Cd></Prtry></BkTxCd><NtryDtls><Btch><NbOfTxs>7</NbOfTxs></Btch><TxDtls><Amt Ccy="EUR">451637.15</Amt></TxDtls></NtryDtls></Ntry><Ntry><NtryRef>REF000003335235</NtryRef><Amt Ccy="EUR">88614</Amt><CdtDbtInd>DBIT</CdtDbtInd><AcctSvcrRef>REF000003348309</AcctSvcrRef><BkTxCd><Prtry><Cd>ATSISK</Cd></Prtry></BkTxCd><NtryDtls><Btch><NbOfTxs>1</NbOfTxs></Btch><TxDtls><Amt Ccy="EUR">88614</Amt></TxDtls></NtryDtls></Ntry></Stmt><Stmt><Id>MSG54083963-MHIWKF</Id><Acct><Id><Othr><Id>LT414319056143772570</Id></Othr></Id><Tp><Prtry>ATSSK2</Prtry></Tp><Ccy>EUR</Ccy><Ownr><Id><OrgId><AnyBIC>DEUTBEB4NDX</AnyBIC></OrgId></Id></Ownr></Acct><Bal><Tp><CdOrPrtry><Cd>OPBD</Cd></CdOrPrtry></Tp><Amt Ccy="EUR">2801.55</Amt><Dt><Dt>2024-04-08</Dt></Dt><Avlbty><Amt Ccy="EUR">2801.55</Amt></Avlbty></Bal><Bal><Tp><CdOrPrtry><Cd>CLBD</Cd></CdOrPrtry></Tp><Amt Ccy="EUR">2801.55</Amt><Dt><Dt>2024-04-08</Dt></Dt><Avlbty><Amt Ccy="EUR">2801.55</Amt></Avlbty></Bal></Stmt></BkToCstmrStmt></Document>
