<?xml version='1.0' encoding='utf-8'?>
<Document xmlns="urn:iso:std:iso:20022:tech:xsd:camt.053.001.08"><BkToCstmrStmt><GrpHdr><MsgId>MSG85943600-MFLMRM</MsgId><CreDtTm>2024-08-16T19:46:31.006+03:00</CreDtTm><MsgPgntn><PgNb>2</PgNb><LastPgInd>true</LastPgInd></MsgPgntn><OrgnlBizQry><MsgId>MSG10994865-YPDFUA</MsgId></OrgnlBizQry></GrpHdr><Stmt><Id>MSG52419703-PIJWCC</Id><Acct><Id><Othr><Id>LT414319056143772570</Id></Othr></Id><Tp><Prtry>ATSSK2</Prtry></Tp><Ccy>EUR</Ccy><Ownr><Id><OrgId><AnyBIC>DEUTBEB4NDX</AnyBIC></OrgId></Id></Ownr></Acct><Bal><Tp><CdOrPrtry><Cd>OPBD</Cd></CdOrPrtry></Tp><Amt Ccy="EUR">801.55</Amt><Dt><Dt>2024-08-16</Dt></Dt><Avlbty><Amt Ccy="EUR">801.55</Amt></Avlbty></Bal><Bal><Tp><CdOrPrtry><Cd>CLBD</Cd></CdOrPrtry></Tp><Amt Ccy="EUR">801.55</Amt><Dt><Dt>2024-08-16</Dt></Dt><Avlbty><Amt Ccy="EUR">801.55</Amt></Avlbty></Bal></Stmt><Stmt><Id>MSG98359619-SGGSGQ</Id><Acct><Id><Othr><Id>LT625883379695428516</Id></Othr></Id><Tp><Prtry>ATSISK</Prtry></Tp><Ccy>EUR</Ccy><Ownr><Id><OrgId><AnyBIC>DEUTBEB4NDX</AnyBIC></OrgId></Id></Ownr></Acct><Bal><Tp><CdOrPrtry><Cd>OPBD</Cd></CdOrPrtry></Tp><Amt Ccy="EUR">17119582.43</Amt><Dt><Dt>2024-08-16</Dt></Dt><Avlbty><Amt Ccy="EUR">17118582.43</Amt></Avlbty></Bal><Bal><Tp><CdOrPrtry><Cd>CLBD</Cd></CdOrPrtry></Tp><Amt Ccy="EUR">17209321.68</Amt><Dt><Dt>2024-08-16</Dt></Dt><Avlbty><Amt Ccy="EUR">17208321.68</Amt></Avlbty></Bal><Ntry><NtryRef>REF000018498267</NtryRef><Amt Ccy="EUR">1929.4</Amt><CdtDbtInd>CRDT</CdtDbtInd><AcctSvcrRef>REF000018504440</AcctSvcrRef><BkTxCd><Prtry><Cd>ATSISK</Cd></Prtry></BkTxCd><NtryDtls><Btch><NbOfTxs>1</NbOfTxs></Btch><TxDtls><Amt Ccy="EUR">1929.4</Amt></TxDtls></NtryDtls></Ntry><Ntry><NtryRef>REF000018511558</NtryRef><Amt Ccy="EUR">326153.45</Amt><CdtDbtInd>DBIT</CdtDbtInd><AcctSvcrRef>REF000018523800</AcctSvcrRef><BkTxCd><Prtry><Cd>ATSISK</Cd></Prtry></BkTxCd><NtryDtls><Btch><NbOfTxs>2</NbOfTxs></Btch><TxDtls><Amt Ccy="EUR">326153.45</Amt></TxDtls></NtryDtls></Ntry><Ntry><NtryRef>REF000018531092</NtryRef><Amt Ccy="EUR">533166.23</Amt><CdtDbtInd>CRDT</CdtDbtInd><AcctSvcrRef>REF000018545239</AcctSvcrRef><BkTxCd><Prtry><Cd>ATSISK</Cd></Prtry></BkTxCd><NtryDtls><Btch><NbOfTxs>110</NbOfTxs></Btch><TxDtls><Amt Ccy="EUR">533166.23</Amt></TxDtls></NtryDtls></Ntry><Ntry><NtryRef>REF000018551734</NtryRef><Amt Ccy="EUR">78764.5</Amt><CdtDbtInd>DBIT</CdtDbtInd><AcctSvcrRef>REF000018569955</AcctSvcrRef><BkTxCd><Prtry><Cd>KLIRNG</Cd></Prtry></BkTxCd><NtryDtls><Btch><NbOfTxs>7</NbOfTxs></Btch><TxDtls><Amt Ccy="EUR">78764.5</Amt></TxDtls></NtryDtls></Ntry><Ntry><NtryRef>REF000018575235</NtryRef><Amt Ccy="EUR">19800</Amt><CdtDbtInd>DBIT</CdtDbtInd><AcctSvcrRef>REF000018588309</AcctSvcrRef><BkTxCd><Prtry><Cd>ATSISK</Cd></Prtry></BkTxCd><NtryDtls><Btch><NbOfTxs>2</NbOfTxs></Btch><TxDtls><Amt Ccy="EUR">19800</Amt></TxDtls></NtryDtls></Ntry><Ntry><NtryRef>REF000018593697</NtryRef><Amt Ccy="EUR">30366.57</Amt><CdtDbtInd>CRDT</CdtDbtInd><AcctSvcrRef>REF000018602611</AcctSvcrRef><BkTxCd><Prtry><Cd>ATSISK</Cd></Prtry></BkTxCd><NtryDtls><Btch><NbOfTxs>1</NbOfTxs></Btch><TxDtls><Amt Ccy="EUR">30366.57</Amt></TxDtls></NtryDtls></Ntry><Ntry><NtryRef>REF000018611655</NtryRef><Amt Ccy="EUR">51005</Amt><CdtDbtInd>DBIT</CdtDbtInd><AcctSvcrRef>REF000018625284</AcctSvcrRef><BkTxCd><Prtry><Cd>ATSISK</Cd></Prtry></BkTxCd><NtryDtls><Btch><NbOfTxs>2</NbOfTxs></Btch><TxDtls><Amt Ccy="EUR">51005</Amt></TxDtls></NtryDtls></Ntry></Stmt></BkToCstmrStmt></Document>
