<?xml version='1.0' encoding='utf-8'?>
<Document xmlns="urn:iso:std:iso:20022:tech:xsd:camt.053.001.08"><BkToCstmrStmt><GrpHdr><MsgId>MSG85943600-MFLMRM</MsgId><CreDtTm>2024-06-27T19:47:17.682+03:00</CreDtTm><MsgPgntn><PgNb>2</PgNb><LastPgInd>true</LastPgInd></MsgPgntn><OrgnlBizQry><MsgId>MSG70635336-HPJLNH</MsgId></OrgnlBizQry></GrpHdr><Stmt><Id>MSG63680256-DQFPAG</Id><Acct><Id><Othr><Id>LT625883379695428516</Id></Othr></Id><Tp><Prtry>ATSISK</Prtry></Tp><Ccy>EUR</Ccy><Ownr><Id><OrgId><AnyBIC>DEUTBEB4NDX</AnyBIC></OrgId></Id></Ownr></Acct><Bal><Tp><CdOrPrtry><Cd>OPBD</Cd></CdOrPrtry></Tp><Amt Ccy="EUR">23604685.02</Amt><Dt><Dt>2024-06-27</Dt></Dt><Avlbty><Amt Ccy="EUR">23603685.02</Amt></Avlbty></Bal><Bal><Tp><CdOrPrtry><Cd>CLBD</Cd></CdOrPrtry></Tp><Amt Ccy="EUR">20172596.9</Amt><Dt><Dt>2024-06-27</Dt></Dt><Avlbty><Amt Ccy="EUR">20171596.9</Amt></Avlbty></Bal><Ntry><NtryRef>REF000012617264</NtryRef><Amt Ccy="EUR">2</Amt><CdtDbtInd>CRDT</CdtDbtInd><AcctSvcrRef>REF000012626646</AcctSvcrRef><BkTxCd><Prtry><Cd>ATSISK</Cd></Prtry></BkTxCd><NtryDtls><Btch><NbOfTxs>1</NbOfTxs></Btch><TxDtls><Amt Ccy="EUR">2</Amt></TxDtls></NtryDtls></Ntry><Ntry><NtryRef>REF000012637264</NtryRef><Amt Ccy="EUR">3.31</Amt><CdtDbtInd>DBIT</CdtDbtInd><AcctSvcrRef>REF000012646646</AcctSvcrRef><BkTxCd><Prtry><Cd>ATSISK</Cd></Prtry></BkTxCd><NtryDtls><Btch><NbOfTxs>3</NbOfTxs></Btch><TxDtls><Amt Ccy="EUR">3.31</Amt></TxDtls></NtryDtls></Ntry><Ntry><NtryRef>REF000012659665</NtryRef><Amt Ccy="EUR">2971</Amt><CdtDbtInd>DBIT</CdtDbtInd><AcctSvcrRef>REF000012666020</AcctSvcrRef><BkTxCd><Prtry><Cd>ATSISK</Cd></Prtry></BkTxCd><NtryDtls><Btch><NbOfTxs>2</NbOfTxs></Btch><TxDtls><Amt Ccy="EUR">2971</Amt></TxDtls></NtryDtls></Ntry><Ntry><NtryRef>REF000012679870</NtryRef><Amt Ccy="EUR">500</Amt><CdtDbtInd>DBIT</CdtDbtInd><AcctSvcrRef>REF000012688695</AcctSvcrRef><BkTxCd><Prtry><Cd>ATSISK</Cd></Prtry></BkTxCd><NtryDtls><Btch><NbOfTxs>1</NbOfTxs></Btch><TxDtls><Amt Ccy="EUR">500</Amt></TxDtls></NtryDtls></Ntry><Ntry><NtryRef>REF000012691092</NtryRef><Amt Ccy="EUR">375182.8</Amt><CdtDbtInd>CRDT</CdtDbtInd><AcctSvcrRef>REF000012705239</AcctSvcrRef><BkTxCd><Prtry><Cd>ATSISK</Cd></Prtry></BkTxCd><NtryDtls><Btch><NbOfTxs>267</NbOfTxs></Btch><TxDtls><Amt Ccy="EUR">375182.8</Amt></TxDtls></NtryDtls></Ntry><Ntry><NtryRef>REF000012711331</NtryRef><Amt Ccy="EUR">33599</Amt><CdtDbtInd>DBIT</CdtDbtInd><AcctSvcrRef>REF000012721748</AcctSvcrRef><BkTxCd><Prtry><Cd>ATSISK</Cd></Prtry></BkTxCd><NtryDtls><Btch><NbOfTxs>3</NbOfTxs></Btch><TxDtls><Amt Ccy="EUR">33599</Amt></TxDtls></NtryDtls></Ntry><Ntry><NtryRef>REF000012731734</NtryRef><Amt Ccy="EUR">2577251.24</Amt><CdtDbtInd>DBIT</CdtDbtInd><AcctSvcrRef>REF000012749955</AcctSvcrRef><BkTxCd><Prtry><Cd>KLIRNG</Cd></Prtry></BkTxCd><NtryDtls><Btch><NbOfTxs>7</NbOfTxs></Btch><TxDtls><Amt Ccy="EUR">2577251.24</Amt></TxDtls></NtryDtls></Ntry><Ntry><NtryRef>REF000012755235</NtryRef><Amt Ccy="EUR">169156.85</Amt><CdtDbtInd>DBIT</CdtDbtInd><AcctSvcrRef>REF000012768309</AcctSvcrRef><BkTxCd><Prtry><Cd>ATSISK</Cd></Prtry></BkTxCd><NtryDtls><Btch><NbOfTxs>3</NbOfTxs></Btch><TxDtls><Amt Ccy="EUR">169156.85</Amt></TxDtls></NtryDtls></Ntry><Ntry><NtryRef>REF000012779900</NtryRef><Amt Ccy="EUR">936900.1</Amt><CdtDbtInd>DBIT</CdtDbtInd><AcctSvcrRef>REF000012789124</AcctSvcrRef><BkTxCd><Prtry><Cd>ATSISK</Cd></Prtry></BkTxCd><NtryDtls><Btch><NbOfTxs>4</NbOfTxs></Btch><TxDtls><Amt Ccy="EUR">936900.1</Amt></TxDtls></NtryDtls></Ntry><Ntry><NtryRef>REF000012792615</NtryRef><Amt Ccy="EUR">82014.42</Amt><CdtDbtInd>DBIT</CdtDbtInd><AcctSvcrRef>REF000012807676</AcctSvcrRef><BkTxCd><Prtry><Cd>ATSISK</Cd></Prtry></BkTxCd><NtryDtls><Btch><NbOfTxs>1</NbOfTxs></Btch><TxDtls><Amt Ccy="EUR">82014.42</Amt></TxDtls></NtryDtls></Ntry><Ntry><NtryRef>REF000012814093</NtryRef><Amt Ccy="EUR">4877</Amt><CdtDbtInd>DBIT</CdtDbtInd><AcctSvcrRef>REF000012823955</AcctSvcrRef><BkTxCd><Prtry><Cd>ATSISK</Cd></Prtry></BkTxCd><NtryDtls><Btch><NbOfTxs>2</NbOfTxs></Btch><TxDtls><Amt Ccy="EUR">4877</Amt></TxDtls></NtryDtls></Ntry></Stmt><Stmt><Id>MSG92778565-LLVBDK</Id><Acct><Id><Othr><Id>LT414319056143772570</Id></Othr></Id><Tp><Prtry>ATSSK2</Prtry></Tp><Ccy>EUR</Ccy><Ownr><Id><OrgId><AnyBIC>DEUTBEB4NDX</AnyBIC></OrgId></Id></Ownr></Acct><Bal><Tp><CdOrPrtry><Cd>OPBD</Cd></CdOrPrtry></Tp><Amt Ccy="EUR">801.55</Amt><Dt><Dt>2024-06-27</Dt></Dt><Avlbty><Amt Ccy="EUR">801.55</Amt></Avlbty></Bal><Bal><Tp><CdOrPrtry><Cd>CLBD</Cd></CdOrPrtry></Tp><Amt Ccy="EUR">801.55</Amt><Dt><Dt>2024-06-27</Dt></Dt><Avlbty><Amt Ccy="EUR">801.55</Amt></Avlbty></Bal></Stmt></BkToCstmrStmt></Document>
