<?xml version='1.0' encoding='utf-8'?>
<Document xmlns="urn:iso:std:iso:20022:tech:xsd:camt.053.001.08"><BkToCstmrStmt><GrpHdr><MsgId>MSG85943600-MFLMRM</MsgId><CreDtTm>2024-07-18T20:52:22.480+03:00</CreDtTm><MsgPgntn><PgNb>2</PgNb><LastPgInd>true</LastPgInd></MsgPgntn><OrgnlBizQry><MsgId>MSG13412107-OREUKX</MsgId></OrgnlBizQry></GrpHdr><Stmt><Id>MSG79620498-VOLSGM</Id><Acct><Id><Othr><Id>LT414319056143772570</Id></Othr></Id><Tp><Prtry>ATSSK2</Prtry></Tp><Ccy>EUR</Ccy><Ownr><Id><OrgId><AnyBIC>DEUTBEB4NDX</AnyBIC></OrgId></Id></Ownr></Acct><Bal><Tp><CdOrPrtry><Cd>OPBD</Cd></CdOrPrtry></Tp><Amt Ccy="EUR">801.55</Amt><Dt><Dt>2024-07-18</Dt></Dt><Avlbty><Amt Ccy="EUR">801.55</Amt></Avlbty></Bal><Bal><Tp><CdOrPrtry><Cd>CLBD</Cd></CdOrPrtry></Tp><Amt Ccy="EUR">801.55</Amt><Dt><Dt>2024-07-18</Dt></Dt><Avlbty><Amt Ccy="EUR">801.55</Amt></Avlbty></Bal></Stmt><Stmt><Id>MSG65443136-NWKAVB</Id><Acct><Id><Othr><Id>LT625883379695428516</Id></Othr></Id><Tp><Prtry>ATSISK</Prtry></Tp><Ccy>EUR</Ccy><Ownr><Id><OrgId><AnyBIC>DEUTBEB4NDX</AnyBIC></OrgId></Id></Ownr></Acct><Bal><Tp><CdOrPrtry><Cd>OPBD</Cd></CdOrPrtry></Tp><Amt Ccy="EUR">15805868.1</Amt><Dt><Dt>2024-07-18</Dt></Dt><Avlbty><Amt Ccy="EUR">15804868.1</Amt></Avlbty></Bal><Bal><Tp><CdOrPrtry><Cd>CLBD</Cd></CdOrPrtry></Tp><Amt Ccy="EUR">14663418.48</Amt><Dt><Dt>2024-07-18</Dt></Dt><Avlbty><Amt Ccy="EUR">14662418.48</Amt></Avlbty></Bal><Ntry><NtryRef>REF000015211558</NtryRef><Amt Ccy="EUR">2853</Amt><CdtDbtInd>DBIT</CdtDbtInd><AcctSvcrRef>REF000015223800</AcctSvcrRef><BkTxCd><Prtry><Cd>ATSISK</Cd></Prtry></BkTxCd><NtryDtls><Btch><NbOfTxs>1</NbOfTxs></Btch><TxDtls><Amt Ccy="EUR">2853</Amt></TxDtls></NtryDtls></Ntry><Ntry><NtryRef>REF000015231092</NtryRef><Amt Ccy="EUR">662969.04</Amt><CdtDbtInd>CRDT</CdtDbtInd><AcctSvcrRef>REF000015245239</AcctSvcrRef><BkTxCd><Prtry><Cd>ATSISK</Cd></Prtry></BkTxCd><NtryDtls><Btch><NbOfTxs>148</NbOfTxs></Btch><TxDtls><Amt Ccy="EUR">662969.04</Amt></TxDtls></NtryDtls></Ntry><Ntry><NtryRef>REF000015258025</NtryRef><Amt Ccy="EUR">728</Amt><CdtDbtInd>DBIT</CdtDbtInd><AcctSvcrRef>REF000015263704</AcctSvcrRef><BkTxCd><Prtry><Cd>ATSISK</Cd></Prtry></BkTxCd><NtryDtls><Btch><NbOfTxs>1</NbOfTxs></Btch><TxDtls><Amt Ccy="EUR">728</Amt></TxDtls></NtryDtls></Ntry><Ntry><NtryRef>REF000015277493</NtryRef><Amt Ccy="EUR">195120.71</Amt><CdtDbtInd>DBIT</CdtDbtInd><AcctSvcrRef>REF000015282081</AcctSvcrRef><BkTxCd><Prtry><Cd>ATSISK</Cd></Prtry></BkTxCd><NtryDtls><Btch><NbOfTxs>1</NbOfTxs></Btch><TxDtls><Amt Ccy="EUR">195120.71</Amt></TxDtls></NtryDtls></Ntry><Ntry><NtryRef>REF000015291734</NtryRef><Amt Ccy="EUR">1549201.95</Amt><CdtDbtInd>DBIT</CdtDbtInd><AcctSvcrRef>REF000015309955</AcctSvcrRef><BkTxCd><Prtry><Cd>KLIRNG</Cd></Prtry></BkTxCd><NtryDtls><Btch><NbOfTxs>7</NbOfTxs></Btch><TxDtls><Amt Ccy="EUR">1549201.95</Amt></TxDtls></NtryDtls></Ntry><Ntry><NtryRef>REF000015315235</NtryRef><Amt Ccy="EUR">26977</Amt><CdtDbtInd>DBIT</CdtDbtInd><AcctSvcrRef>REF000015328309</AcctSvcrRef><BkTxCd><Prtry><Cd>ATSISK</Cd></Prtry></BkTxCd><NtryDtls><Btch><NbOfTxs>2</NbOfTxs></Btch><TxDtls><Amt Ccy="EUR">26977</Amt></TxDtls></NtryDtls></Ntry><Ntry><NtryRef>REF000015339900</NtryRef><Amt Ccy="EUR">30537</Amt><CdtDbtInd>DBIT</CdtDbtInd><AcctSvcrRef>REF000015349124</AcctSvcrRef><BkTxCd><Prtry><Cd>ATSISK</Cd></Prtry></BkTxCd><NtryDtls><Btch><NbOfTxs>2</NbOfTxs></Btch><TxDtls><Amt Ccy="EUR">30537</Amt></TxDtls></NtryDtls></Ntry><Ntry><NtryRef>REF000015357974</NtryRef><Amt Ccy="EUR">1</Amt><CdtDbtInd>DBIT</CdtDbtInd><AcctSvcrRef>REF000015364622</AcctSvcrRef><BkTxCd><Prtry><Cd>ATSISK</Cd></Prtry></BkTxCd><NtryDtls><Btch><NbOfTxs>1</NbOfTxs></Btch><TxDtls><Amt Ccy="EUR">1</Amt></TxDtls></NtryDtls></Ntry></Stmt></BkToCstmrStmt></Document>
