<?xml version='1.0' encoding='utf-8'?>
<Document xmlns="urn:iso:std:iso:20022:tech:xsd:camt.053.001.08"><BkToCstmrStmt><GrpHdr><MsgId>MSG85943600-MFLMRM</MsgId><CreDtTm>2024-05-13T19:48:16.941+03:00</CreDtTm><MsgPgntn><PgNb>2</PgNb><LastPgInd>true</LastPgInd></MsgPgntn><OrgnlBizQry><MsgId>MSG89597761-DWIJUV</MsgId></OrgnlBizQry></GrpHdr><Stmt><Id>MSG36747179-MPNNFC</Id><Acct><Id><Othr><Id>LT625883379695428516</Id></Othr></Id><Tp><Prtry>ATSISK</Prtry></Tp><Ccy>EUR</Ccy><Ownr><Id><OrgId><AnyBIC>DEUTBEB4NDX</AnyBIC></OrgId></Id></Ownr></Acct><Bal><Tp><CdOrPrtry><Cd>OPBD</Cd></CdOrPrtry></Tp><Amt Ccy="EUR">16536562.79</Amt><Dt><Dt>2024-05-13</Dt></Dt><Avlbty><Amt Ccy="EUR">16535562.79</Amt></Avlbty></Bal><Bal><Tp><CdOrPrtry><Cd>CLBD</Cd></CdOrPrtry></Tp><Amt Ccy="EUR">18545151.25</Amt><Dt><Dt>2024-05-13</Dt></Dt><Avlbty><Amt Ccy="EUR">18544151.25</Amt></Avlbty></Bal><Ntry><NtryRef>REF000007173248</NtryRef><Amt Ccy="EUR">18731.07</Amt><CdtDbtInd>DBIT</CdtDbtInd><AcctSvcrRef>REF000007186048</AcctSvcrRef><BkTxCd><Prtry><Cd>ATSISK</Cd></Prtry></BkTxCd><NtryDtls><Btch><NbOfTxs>1</NbOfTxs></Btch><TxDtls><Amt Ccy="EUR">18731.07</Amt></TxDtls></NtryDtls></Ntry><Ntry><NtryRef>REF000007191092</NtryRef><Amt Ccy="EUR">3121487.21</Amt><CdtDbtInd>CRDT</CdtDbtInd><AcctSvcrRef>REF000007205239</AcctSvcrRef><BkTxCd><Prtry><Cd>ATSISK</Cd></Prtry></BkTxCd><NtryDtls><Btch><NbOfTxs>167</NbOfTxs></Btch><TxDtls><Amt Ccy="EUR">3121487.21</Amt></TxDtls></NtryDtls></Ntry><Ntry><NtryRef>REF000007215416</NtryRef><Amt Ccy="EUR">1010</Amt><CdtDbtInd>DBIT</CdtDbtInd><AcctSvcrRef>REF000007228257</AcctSvcrRef><BkTxCd><Prtry><Cd>ATSISK</Cd></Prtry></BkTxCd><NtryDtls><Btch><NbOfTxs>1</NbOfTxs></Btch><TxDtls><Amt Ccy="EUR">1010</Amt></TxDtls></NtryDtls></Ntry><Ntry><NtryRef>REF000007238851</NtryRef><Amt Ccy="EUR">1</Amt><CdtDbtInd>CRDT</CdtDbtInd><AcctSvcrRef>REF000007241558</AcctSvcrRef><BkTxCd><Prtry><Cd>ATSISK</Cd></Prtry></BkTxCd><NtryDtls><Btch><NbOfTxs>1</NbOfTxs></Btch><TxDtls><Amt Ccy="EUR">1</Amt></TxDtls></NtryDtls></Ntry><Ntry><NtryRef>REF000007251734</NtryRef><Amt Ccy="EUR">176760.47</Amt><CdtDbtInd>DBIT</CdtDbtInd><AcctSvcrRef>REF000007269955</AcctSvcrRef><BkTxCd><Prtry><Cd>KLIRNG</Cd></Prtry></BkTxCd><NtryDtls><Btch><NbOfTxs>8</NbOfTxs></Btch><TxDtls><Amt Ccy="EUR">176760.47</Amt></TxDtls></NtryDtls></Ntry><Ntry><NtryRef>REF000007275235</NtryRef><Amt Ccy="EUR">414559.61</Amt><CdtDbtInd>DBIT</CdtDbtInd><AcctSvcrRef>REF000007288309</AcctSvcrRef><BkTxCd><Prtry><Cd>ATSISK</Cd></Prtry></BkTxCd><NtryDtls><Btch><NbOfTxs>1</NbOfTxs></Btch><TxDtls><Amt Ccy="EUR">414559.61</Amt></TxDtls></NtryDtls></Ntry><Ntry><NtryRef>REF000007299900</NtryRef><Amt Ccy="EUR">489640.4</Amt><CdtDbtInd>DBIT</CdtDbtInd><AcctSvcrRef>REF000007309124</AcctSvcrRef><BkTxCd><Prtry><Cd>ATSISK</Cd></Prtry></BkTxCd><NtryDtls><Btch><NbOfTxs>2</NbOfTxs></Btch><TxDtls><Amt Ccy="EUR">489640.4</Amt></TxDtls></NtryDtls></Ntry><Ntry><NtryRef>REF000007316262</NtryRef><Amt Ccy="EUR">200</Amt><CdtDbtInd>DBIT</CdtDbtInd><AcctSvcrRef>REF000007329512</AcctSvcrRef><BkTxCd><Prtry><Cd>ATSISK</Cd></Prtry></BkTxCd><NtryDtls><Btch><NbOfTxs>1</NbOfTxs></Btch><TxDtls><Amt Ccy="EUR">200</Amt></TxDtls></NtryDtls></Ntry><Ntry><NtryRef>REF000007336776</NtryRef><Amt Ccy="EUR">1.8</Amt><CdtDbtInd>CRDT</CdtDbtInd><AcctSvcrRef>REF000007344080</AcctSvcrRef><BkTxCd><Prtry><Cd>ATSISK</Cd></Prtry></BkTxCd><NtryDtls><Btch><NbOfTxs>1</NbOfTxs></Btch><TxDtls><Amt Ccy="EUR">1.8</Amt></TxDtls></NtryDtls></Ntry><Ntry><NtryRef>REF000007354704</NtryRef><Amt Ccy="EUR">12000</Amt><CdtDbtInd>DBIT</CdtDbtInd><AcctSvcrRef>REF000007364477</AcctSvcrRef><BkTxCd><Prtry><Cd>ATSISK</Cd></Prtry></BkTxCd><NtryDtls><Btch><NbOfTxs>1</NbOfTxs></Btch><TxDtls><Amt Ccy="EUR">12000</Amt></TxDtls></NtryDtls></Ntry></Stmt><Stmt><Id>MSG28950651-LUKYFK</Id><Acct><Id><Othr><Id>LT414319056143772570</Id></Othr></Id><Tp><Prtry>ATSSK2</Prtry></Tp><Ccy>EUR</Ccy><Ownr><Id><OrgId><AnyBIC>DEUTBEB4NDX</AnyBIC></OrgId></Id></Ownr></Acct><Bal><Tp><CdOrPrtry><Cd>OPBD</Cd></CdOrPrtry></Tp><Amt Ccy="EUR">801.55</Amt><Dt><Dt>2024-05-13</Dt></Dt><Avlbty><Amt Ccy="EUR">801.55</Amt></Avlbty></Bal><Bal><Tp><CdOrPrtry><Cd>CLBD</Cd></CdOrPrtry></Tp><Amt Ccy="EUR">801.55</Amt><Dt><Dt>2024-05-13</Dt></Dt><Avlbty><Amt Ccy="EUR">801.55</Amt></Avlbty></Bal></Stmt></BkToCstmrStmt></Document>
