<?xml version='1.0' encoding='utf-8'?>
<Document xmlns="urn:iso:std:iso:20022:tech:xsd:camt.053.001.08"><BkToCstmrStmt><GrpHdr><MsgId>MSG85943600-MFLMRM</MsgId><CreDtTm>2024-08-06T19:46:23.213+03:00</CreDtTm><MsgPgntn><PgNb>2</PgNb><LastPgInd>true</LastPgInd></MsgPgntn><OrgnlBizQry><MsgId>MSG38892507-HMKIRY</MsgId></OrgnlBizQry></GrpHdr><Stmt><Id>MSG18638903-KIFTAO</Id><Acct><Id><Othr><Id>LT414319056143772570</Id></Othr></Id><Tp><Prtry>ATSSK2</Prtry></Tp><Ccy>EUR</Ccy><Ownr><Id><OrgId><AnyBIC>DEUTBEB4NDX</AnyBIC></OrgId></Id></Ownr></Acct><Bal><Tp><CdOrPrtry><Cd>OPBD</Cd></CdOrPrtry></Tp><Amt Ccy="EUR">801.55</Amt><Dt><Dt>2024-08-06</Dt></Dt><Avlbty><Amt Ccy="EUR">801.55</Amt></Avlbty></Bal><Bal><Tp><CdOrPrtry><Cd>CLBD</Cd></CdOrPrtry></Tp><Amt Ccy="EUR">801.55</Amt><Dt><Dt>2024-08-06</Dt></Dt><Avlbty><Amt Ccy="EUR">801.55</Amt></Avlbty></Bal></Stmt><Stmt><Id>MSG63778839-NPBIVL</Id><Acct><Id><Othr><Id>LT625883379695428516</Id></Othr></Id><Tp><Prtry>ATSISK</Prtry></Tp><Ccy>EUR</Ccy><Ownr><Id><OrgId><AnyBIC>DEUTBEB4NDX</AnyBIC></OrgId></Id></Ownr></Acct><Bal><Tp><CdOrPrtry><Cd>OPBD</Cd></CdOrPrtry></Tp><Amt Ccy="EUR">18098740.47</Amt><Dt><Dt>2024-08-06</Dt></Dt><Avlbty><Amt Ccy="EUR">18097740.47</Amt></Avlbty></Bal><Bal><Tp><CdOrPrtry><Cd>CLBD</Cd></CdOrPrtry></Tp><Amt Ccy="EUR">17634688.1</Amt><Dt><Dt>2024-08-06</Dt></Dt><Avlbty><Amt Ccy="EUR">17633688.1</Amt></Avlbty></Bal><Ntry><NtryRef>REF000017097264</NtryRef><Amt Ccy="EUR">21.62</Amt><CdtDbtInd>CRDT</CdtDbtInd><AcctSvcrRef>REF000017106646</AcctSvcrRef><BkTxCd><Prtry><Cd>ATSISK</Cd></Prtry></BkTxCd><NtryDtls><Btch><NbOfTxs>3</NbOfTxs></Btch><TxDtls><Amt Ccy="EUR">21.62</Amt></TxDtls></NtryDtls></Ntry><Ntry><NtryRef>REF000017111092</NtryRef><Amt Ccy="EUR">1167365.07</Amt><CdtDbtInd>CRDT</CdtDbtInd><AcctSvcrRef>REF000017125239</AcctSvcrRef><BkTxCd><Prtry><Cd>ATSISK</Cd></Prtry></BkTxCd><NtryDtls><Btch><NbOfTxs>291</NbOfTxs></Btch><TxDtls><Amt Ccy="EUR">1167365.07</Amt></TxDtls></NtryDtls></Ntry><Ntry><NtryRef>REF000017131331</NtryRef><Amt Ccy="EUR">1096.85</Amt><CdtDbtInd>DBIT</CdtDbtInd><AcctSvcrRef>REF000017141748</AcctSvcrRef><BkTxCd><Prtry><Cd>ATSISK</Cd></Prtry></BkTxCd><NtryDtls><Btch><NbOfTxs>1</NbOfTxs></Btch><TxDtls><Amt Ccy="EUR">1096.85</Amt></TxDtls></NtryDtls></Ntry><Ntry><NtryRef>REF000017151734</NtryRef><Amt Ccy="EUR">244173.26</Amt><CdtDbtInd>DBIT</CdtDbtInd><AcctSvcrRef>REF000017169955</AcctSvcrRef><BkTxCd><Prtry><Cd>KLIRNG</Cd></Prtry></BkTxCd><NtryDtls><Btch><NbOfTxs>6</NbOfTxs></Btch><TxDtls><Amt Ccy="EUR">244173.26</Amt></TxDtls></NtryDtls></Ntry><Ntry><NtryRef>REF000017175235</NtryRef><Amt Ccy="EUR">440703.97</Amt><CdtDbtInd>DBIT</CdtDbtInd><AcctSvcrRef>REF000017188309</AcctSvcrRef><BkTxCd><Prtry><Cd>ATSISK</Cd></Prtry></BkTxCd><NtryDtls><Btch><NbOfTxs>1</NbOfTxs></Btch><TxDtls><Amt Ccy="EUR">440703.97</Amt></TxDtls></NtryDtls></Ntry><Ntry><NtryRef>REF000017198735</NtryRef><Amt Ccy="EUR">815.06</Amt><CdtDbtInd>DBIT</CdtDbtInd><AcctSvcrRef>REF000017208134</AcctSvcrRef><BkTxCd><Prtry><Cd>ATSISK</Cd></Prtry></BkTxCd><NtryDtls><Btch><NbOfTxs>1</NbOfTxs></Btch><TxDtls><Amt Ccy="EUR">815.06</Amt></TxDtls></NtryDtls></Ntry><Ntry><NtryRef>REF000017219900</NtryRef><Amt Ccy="EUR">916187.92</Amt><CdtDbtInd>DBIT</CdtDbtInd><AcctSvcrRef>REF000017229124</AcctSvcrRef><BkTxCd><Prtry><Cd>ATSISK</Cd></Prtry></BkTxCd><NtryDtls><Btch><NbOfTxs>2</NbOfTxs></Btch><TxDtls><Amt Ccy="EUR">916187.92</Amt></TxDtls></NtryDtls></Ntry><Ntry><NtryRef>REF000017236002</NtryRef><Amt Ccy="EUR">1280</Amt><CdtDbtInd>CRDT</CdtDbtInd><AcctSvcrRef>REF000017249457</AcctSvcrRef><BkTxCd><Prtry><Cd>ATSISK</Cd></Prtry></BkTxCd><NtryDtls><Btch><NbOfTxs>1</NbOfTxs></Btch><TxDtls><Amt Ccy="EUR">1280</Amt></TxDtls></NtryDtls></Ntry><Ntry><NtryRef>REF000017254704</NtryRef><Amt Ccy="EUR">26100</Amt><CdtDbtInd>DBIT</CdtDbtInd><AcctSvcrRef>REF000017264477</AcctSvcrRef><BkTxCd><Prtry><Cd>ATSISK</Cd></Prtry></BkTxCd><NtryDtls><Btch><NbOfTxs>2</NbOfTxs></Btch><TxDtls><Amt Ccy="EUR">26100</Amt></TxDtls></NtryDtls></Ntry><Ntry><NtryRef>REF000017271655</NtryRef><Amt Ccy="EUR">80</Amt><CdtDbtInd>DBIT</CdtDbtInd><AcctSvcrRef>REF000017285284</AcctSvcrRef><BkTxCd><Prtry><Cd>ATSISK</Cd></Prtry></BkTxCd><NtryDtls><Btch><NbOfTxs>1</NbOfTxs></Btch><TxDtls><Amt Ccy="EUR">80</Amt></TxDtls></NtryDtls></Ntry><Ntry><NtryRef>REF000017299407</NtryRef><Amt Ccy="EUR">2215</Amt><CdtDbtInd>DBIT</CdtDbtInd><AcctSvcrRef>REF000017309658</AcctSvcrRef><BkTxCd><Prtry><Cd>ATSISK</Cd></Prtry></BkTxCd><NtryDtls><Btch><NbOfTxs>2</NbOfTxs></Btch><TxDtls><Amt Ccy="EUR">2215</Amt></TxDtls></NtryDtls></Ntry><Ntry><NtryRef>REF000017312845</NtryRef><Amt Ccy="EUR">40433.65</Amt><CdtDbtInd>CRDT</CdtDbtInd><AcctSvcrRef>REF000017322208</AcctSvcrRef><BkTxCd><Prtry><Cd>ATSISK</Cd></Prtry></BkTxCd><NtryDtls><Btch><NbOfTxs>1</NbOfTxs></Btch><TxDtls><Amt Ccy="EUR">40433.65</Amt></TxDtls></NtryDtls></Ntry><Ntry><NtryRef>REF000017332845</NtryRef><Amt Ccy="EUR">41780.65</Amt><CdtDbtInd>DBIT</CdtDbtInd><AcctSvcrRef>REF000017342208</AcctSvcrRef><BkTxCd><Prtry><Cd>ATSISK</Cd></Prtry></BkTxCd><NtryDtls><Btch><NbOfTxs>1</NbOfTxs></Btch><TxDtls><Amt Ccy="EUR">41780.65</Amt></TxDtls></NtryDtls></Ntry></Stmt></BkToCstmrStmt></Document>
