<?xml version='1.0' encoding='utf-8'?>
<Document xmlns="urn:iso:std:iso:20022:tech:xsd:camt.053.001.08"><BkToCstmrStmt><GrpHdr><MsgId>MSG85943600-MFLMRM</MsgId><CreDtTm>2024-04-23T19:46:26.806+03:00</CreDtTm><MsgPgntn><PgNb>2</PgNb><LastPgInd>true</LastPgInd></MsgPgntn><OrgnlBizQry><MsgId>MSG37069302-ZQSQYR</MsgId></OrgnlBizQry></GrpHdr><Stmt><Id>MSG11605129-BEMIOZ</Id><Acct><Id><Othr><Id>LT625883379695428516</Id></Othr></Id><Tp><Prtry>ATSISK</Prtry></Tp><Ccy>EUR</Ccy><Ownr><Id><OrgId><AnyBIC>DEUTBEB4NDX</AnyBIC></OrgId></Id></Ownr></Acct><Bal><Tp><CdOrPrtry><Cd>OPBD</Cd></CdOrPrtry></Tp><Amt Ccy="EUR">17615410.35</Amt><Dt><Dt>2024-04-23</Dt></Dt><Avlbty><Amt Ccy="EUR">17614410.35</Amt></Avlbty></Bal><Bal><Tp><CdOrPrtry><Cd>CLBD</Cd></CdOrPrtry></Tp><Amt Ccy="EUR">18145539.42</Amt><Dt><Dt>2024-04-23</Dt></Dt><Avlbty><Amt Ccy="EUR">18144539.42</Amt></Avlbty></Bal><Ntry><NtryRef>REF000004998267</NtryRef><Amt Ccy="EUR">1512.8</Amt><CdtDbtInd>CRDT</CdtDbtInd><AcctSvcrRef>REF000005004440</AcctSvcrRef><BkTxCd><Prtry><Cd>ATSISK</Cd></Prtry></BkTxCd><NtryDtls><Btch><NbOfTxs>1</NbOfTxs></Btch><TxDtls><Amt Ccy="EUR">1512.8</Amt></TxDtls></NtryDtls></Ntry><Ntry><NtryRef>REF000005011092</NtryRef><Amt Ccy="EUR">698012.65</Amt><CdtDbtInd>CRDT</CdtDbtInd><AcctSvcrRef>REF000005025239</AcctSvcrRef><BkTxCd><Prtry><Cd>ATSISK</Cd></Prtry></BkTxCd><NtryDtls><Btch><NbOfTxs>139</NbOfTxs></Btch><TxDtls><Amt Ccy="EUR">698012.65</Amt></TxDtls></NtryDtls></Ntry><Ntry><NtryRef>REF000005031734</NtryRef><Amt Ccy="EUR">140403.32</Amt><CdtDbtInd>DBIT</CdtDbtInd><AcctSvcrRef>REF000005049955</AcctSvcrRef><BkTxCd><Prtry><Cd>KLIRNG</Cd></Prtry></BkTxCd><NtryDtls><Btch><NbOfTxs>7</NbOfTxs></Btch><TxDtls><Amt Ccy="EUR">140403.32</Amt></TxDtls></NtryDtls></Ntry><Ntry><NtryRef>REF000005055235</NtryRef><Amt Ccy="EUR">28993.06</Amt><CdtDbtInd>DBIT</CdtDbtInd><AcctSvcrRef>REF000005068309</AcctSvcrRef><BkTxCd><Prtry><Cd>ATSISK</Cd></Prtry></BkTxCd><NtryDtls><Btch><NbOfTxs>2</NbOfTxs></Btch><TxDtls><Amt Ccy="EUR">28993.06</Amt></TxDtls></NtryDtls></Ntry></Stmt><Stmt><Id>MSG30219343-DZVDKQ</Id><Acct><Id><Othr><Id>LT414319056143772570</Id></Othr></Id><Tp><Prtry>ATSSK2</Prtry></Tp><Ccy>EUR</Ccy><Ownr><Id><OrgId><AnyBIC>DEUTBEB4NDX</AnyBIC></OrgId></Id></Ownr></Acct><Bal><Tp><CdOrPrtry><Cd>OPBD</Cd></CdOrPrtry></Tp><Amt Ccy="EUR">801.55</Amt><Dt><Dt>2024-04-23</Dt></Dt><Avlbty><Amt Ccy="EUR">801.55</Amt></Avlbty></Bal><Bal><Tp><CdOrPrtry><Cd>CLBD</Cd></CdOrPrtry></Tp><Amt Ccy="EUR">801.55</Amt><Dt><Dt>2024-04-23</Dt></Dt><Avlbty><Amt Ccy="EUR">801.55</Amt></Avlbty></Bal></Stmt></BkToCstmrStmt></Document>
