<?xml version='1.0' encoding='utf-8'?>
<Document xmlns="urn:iso:std:iso:20022:tech:xsd:camt.053.001.08"><BkToCstmrStmt><GrpHdr><MsgId>MSG85943600-MFLMRM</MsgId><CreDtTm>2024-06-07T19:46:20.153+03:00</CreDtTm><MsgPgntn><PgNb>2</PgNb><LastPgInd>true</LastPgInd></MsgPgntn><OrgnlBizQry><MsgId>MSG66633906-QVOMFV</MsgId></OrgnlBizQry></GrpHdr><Stmt><Id>MSG41594997-AUAAGO</Id><Acct><Id><Othr><Id>LT625883379695428516</Id></Othr></Id><Tp><Prtry>ATSISK</Prtry></Tp><Ccy>EUR</Ccy><Ownr><Id><OrgId><AnyBIC>DEUTBEB4NDX</AnyBIC></OrgId></Id></Ownr></Acct><Bal><Tp><CdOrPrtry><Cd>OPBD</Cd></CdOrPrtry></Tp><Amt Ccy="EUR">16394037.83</Amt><Dt><Dt>2024-06-07</Dt></Dt><Avlbty><Amt Ccy="EUR">16393037.83</Amt></Avlbty></Bal><Bal><Tp><CdOrPrtry><Cd>CLBD</Cd></CdOrPrtry></Tp><Amt Ccy="EUR">16573965.47</Amt><Dt><Dt>2024-06-07</Dt></Dt><Avlbty><Amt Ccy="EUR">16572965.47</Amt></Avlbty></Bal><Ntry><NtryRef>REF000010531092</NtryRef><Amt Ccy="EUR">629440.75</Amt><CdtDbtInd>CRDT</CdtDbtInd><AcctSvcrRef>REF000010545239</AcctSvcrRef><BkTxCd><Prtry><Cd>ATSISK</Cd></Prtry></BkTxCd><NtryDtls><Btch><NbOfTxs>219</NbOfTxs></Btch><TxDtls><Amt Ccy="EUR">629440.75</Amt></TxDtls></NtryDtls></Ntry><Ntry><NtryRef>REF000010551331</NtryRef><Amt Ccy="EUR">191587</Amt><CdtDbtInd>DBIT</CdtDbtInd><AcctSvcrRef>REF000010561748</AcctSvcrRef><BkTxCd><Prtry><Cd>ATSISK</Cd></Prtry></BkTxCd><NtryDtls><Btch><NbOfTxs>3</NbOfTxs></Btch><TxDtls><Amt Ccy="EUR">191587</Amt></TxDtls></NtryDtls></Ntry><Ntry><NtryRef>REF000010571734</NtryRef><Amt Ccy="EUR">145672.79</Amt><CdtDbtInd>DBIT</CdtDbtInd><AcctSvcrRef>REF000010589955</AcctSvcrRef><BkTxCd><Prtry><Cd>KLIRNG</Cd></Prtry></BkTxCd><NtryDtls><Btch><NbOfTxs>7</NbOfTxs></Btch><TxDtls><Amt Ccy="EUR">145672.79</Amt></TxDtls></NtryDtls></Ntry><Ntry><NtryRef>REF000010596776</NtryRef><Amt Ccy="EUR">46.68</Amt><CdtDbtInd>CRDT</CdtDbtInd><AcctSvcrRef>REF000010604080</AcctSvcrRef><BkTxCd><Prtry><Cd>ATSISK</Cd></Prtry></BkTxCd><NtryDtls><Btch><NbOfTxs>1</NbOfTxs></Btch><TxDtls><Amt Ccy="EUR">46.68</Amt></TxDtls></NtryDtls></Ntry><Ntry><NtryRef>REF000010614704</NtryRef><Amt Ccy="EUR">22300</Amt><CdtDbtInd>DBIT</CdtDbtInd><AcctSvcrRef>REF000010624477</AcctSvcrRef><BkTxCd><Prtry><Cd>ATSISK</Cd></Prtry></BkTxCd><NtryDtls><Btch><NbOfTxs>1</NbOfTxs></Btch><TxDtls><Amt Ccy="EUR">22300</Amt></TxDtls></NtryDtls></Ntry><Ntry><NtryRef>REF000010631655</NtryRef><Amt Ccy="EUR">90000</Amt><CdtDbtInd>DBIT</CdtDbtInd><AcctSvcrRef>REF000010645284</AcctSvcrRef><BkTxCd><Prtry><Cd>ATSISK</Cd></Prtry></BkTxCd><NtryDtls><Btch><NbOfTxs>2</NbOfTxs></Btch><TxDtls><Amt Ccy="EUR">90000</Amt></TxDtls></NtryDtls></Ntry></Stmt><Stmt><Id>MSG89348769-XTXZTR</Id><Acct><Id><Othr><Id>LT414319056143772570</Id></Othr></Id><Tp><Prtry>ATSSK2</Prtry></Tp><Ccy>EUR</Ccy><Ownr><Id><OrgId><AnyBIC>DEUTBEB4NDX</AnyBIC></OrgId></Id></Ownr></Acct><Bal><Tp><CdOrPrtry><Cd>OPBD</Cd></CdOrPrtry></Tp><Amt Ccy="EUR">801.55</Amt><Dt><Dt>2024-06-07</Dt></Dt><Avlbty><Amt Ccy="EUR">801.55</Amt></Avlbty></Bal><Bal><Tp><CdOrPrtry><Cd>CLBD</Cd></CdOrPrtry></Tp><Amt Ccy="EUR">801.55</Amt><Dt><Dt>2024-06-07</Dt></Dt><Avlbty><Amt Ccy="EUR">801.55</Amt></Avlbty></Bal></Stmt></BkToCstmrStmt></Document>
