<?xml version='1.0' encoding='utf-8'?>
<Document xmlns="urn:iso:std:iso:20022:tech:xsd:camt.053.001.08"><BkToCstmrStmt><GrpHdr><MsgId>MSG85943600-MFLMRM</MsgId><CreDtTm>2024-05-20T19:48:23.351+03:00</CreDtTm><MsgPgntn><PgNb>2</PgNb><LastPgInd>true</LastPgInd></MsgPgntn><OrgnlBizQry><MsgId>MSG89979103-JPBKRU</MsgId></OrgnlBizQry></GrpHdr><Stmt><Id>MSG19025703-JZWANL</Id><Acct><Id><Othr><Id>LT625883379695428516</Id></Othr></Id><Tp><Prtry>ATSISK</Prtry></Tp><Ccy>EUR</Ccy><Ownr><Id><OrgId><AnyBIC>DEUTBEB4NDX</AnyBIC></OrgId></Id></Ownr></Acct><Bal><Tp><CdOrPrtry><Cd>OPBD</Cd></CdOrPrtry></Tp><Amt Ccy="EUR">20603580.71</Amt><Dt><Dt>2024-05-20</Dt></Dt><Avlbty><Amt Ccy="EUR">20602580.71</Amt></Avlbty></Bal><Bal><Tp><CdOrPrtry><Cd>CLBD</Cd></CdOrPrtry></Tp><Amt Ccy="EUR">19443407.63</Amt><Dt><Dt>2024-05-20</Dt></Dt><Avlbty><Amt Ccy="EUR">19442407.63</Amt></Avlbty></Bal><Ntry><NtryRef>REF000008091092</NtryRef><Amt Ccy="EUR">227897.9</Amt><CdtDbtInd>CRDT</CdtDbtInd><AcctSvcrRef>REF000008105239</AcctSvcrRef><BkTxCd><Prtry><Cd>ATSISK</Cd></Prtry></BkTxCd><NtryDtls><Btch><NbOfTxs>123</NbOfTxs></Btch><TxDtls><Amt Ccy="EUR">227897.9</Amt></TxDtls></NtryDtls></Ntry><Ntry><NtryRef>REF000008111734</NtryRef><Amt Ccy="EUR">1257876.06</Amt><CdtDbtInd>DBIT</CdtDbtInd><AcctSvcrRef>REF000008129955</AcctSvcrRef><BkTxCd><Prtry><Cd>KLIRNG</Cd></Prtry></BkTxCd><NtryDtls><Btch><NbOfTxs>7</NbOfTxs></Btch><TxDtls><Amt Ccy="EUR">1257876.06</Amt></TxDtls></NtryDtls></Ntry><Ntry><NtryRef>REF000008134815</NtryRef><Amt Ccy="EUR">302.6</Amt><CdtDbtInd>DBIT</CdtDbtInd><AcctSvcrRef>REF000008142595</AcctSvcrRef><BkTxCd><Prtry><Cd>ATSISK</Cd></Prtry></BkTxCd><NtryDtls><Btch><NbOfTxs>1</NbOfTxs></Btch><TxDtls><Amt Ccy="EUR">302.6</Amt></TxDtls></NtryDtls></Ntry><Ntry><NtryRef>REF000008159900</NtryRef><Amt Ccy="EUR">76270</Amt><CdtDbtInd>DBIT</CdtDbtInd><AcctSvcrRef>REF000008169124</AcctSvcrRef><BkTxCd><Prtry><Cd>ATSISK</Cd></Prtry></BkTxCd><NtryDtls><Btch><NbOfTxs>1</NbOfTxs></Btch><TxDtls><Amt Ccy="EUR">76270</Amt></TxDtls></NtryDtls></Ntry><Ntry><NtryRef>REF000008174704</NtryRef><Amt Ccy="EUR">53622.32</Amt><CdtDbtInd>DBIT</CdtDbtInd><AcctSvcrRef>REF000008184477</AcctSvcrRef><BkTxCd><Prtry><Cd>ATSISK</Cd></Prtry></BkTxCd><NtryDtls><Btch><NbOfTxs>1</NbOfTxs></Btch><TxDtls><Amt Ccy="EUR">53622.32</Amt></TxDtls></NtryDtls></Ntry></Stmt><Stmt><Id>MSG28898976-OFCCXJ</Id><Acct><Id><Othr><Id>LT414319056143772570</Id></Othr></Id><Tp><Prtry>ATSSK2</Prtry></Tp><Ccy>EUR</Ccy><Ownr><Id><OrgId><AnyBIC>DEUTBEB4NDX</AnyBIC></OrgId></Id></Ownr></Acct><Bal><Tp><CdOrPrtry><Cd>OPBD</Cd></CdOrPrtry></Tp><Amt Ccy="EUR">801.55</Amt><Dt><Dt>2024-05-20</Dt></Dt><Avlbty><Amt Ccy="EUR">801.55</Amt></Avlbty></Bal><Bal><Tp><CdOrPrtry><Cd>CLBD</Cd></CdOrPrtry></Tp><Amt Ccy="EUR">801.55</Amt><Dt><Dt>2024-05-20</Dt></Dt><Avlbty><Amt Ccy="EUR">801.55</Amt></Avlbty></Bal></Stmt></BkToCstmrStmt></Document>
