<?xml version='1.0' encoding='utf-8'?>
<Document xmlns="urn:iso:std:iso:20022:tech:xsd:camt.053.001.08"><BkToCstmrStmt><GrpHdr><MsgId>MSG85943600-MFLMRM</MsgId><CreDtTm>2024-03-15T19:46:22.747+02:00</CreDtTm><MsgPgntn><PgNb>2</PgNb><LastPgInd>true</LastPgInd></MsgPgntn><OrgnlBizQry><MsgId>MSG71813983-LTFXUC</MsgId></OrgnlBizQry></GrpHdr><Stmt><Id>MSG81084649-ESCTUX</Id><Acct><Id><Othr><Id>LT625883379695428516</Id></Othr></Id><Tp><Prtry>ATSISK</Prtry></Tp><Ccy>EUR</Ccy><Ownr><Id><OrgId><AnyBIC>DEUTBEB4NDX</AnyBIC></OrgId></Id></Ownr></Acct><Bal><Tp><CdOrPrtry><Cd>OPBD</Cd></CdOrPrtry></Tp><Amt Ccy="EUR">20888586.83</Amt><Dt><Dt>2024-03-15</Dt></Dt><Avlbty><Amt Ccy="EUR">20887586.83</Amt></Avlbty></Bal><Bal><Tp><CdOrPrtry><Cd>CLBD</Cd></CdOrPrtry></Tp><Amt Ccy="EUR">20435273.01</Amt><Dt><Dt>2024-03-15</Dt></Dt><Avlbty><Amt Ccy="EUR">20434273.01</Amt></Avlbty></Bal><Ntry><NtryRef>REF000000931558</NtryRef><Amt Ccy="EUR">531281</Amt><CdtDbtInd>DBIT</CdtDbtInd><AcctSvcrRef>REF000000943800</AcctSvcrRef><BkTxCd><Prtry><Cd>ATSISK</Cd></Prtry></BkTxCd><NtryDtls><Btch><NbOfTxs>2</NbOfTxs></Btch><TxDtls><Amt Ccy="EUR">531281</Amt></TxDtls></NtryDtls></Ntry><Ntry><NtryRef>REF000000959665</NtryRef><Amt Ccy="EUR">24305</Amt><CdtDbtInd>CRDT</CdtDbtInd><AcctSvcrRef>REF000000966020</AcctSvcrRef><BkTxCd><Prtry><Cd>ATSISK</Cd></Prtry></BkTxCd><NtryDtls><Btch><NbOfTxs>1</NbOfTxs></Btch><TxDtls><Amt Ccy="EUR">24305</Amt></TxDtls></NtryDtls></Ntry><Ntry><NtryRef>REF000000979665</NtryRef><Amt Ccy="EUR">224427</Amt><CdtDbtInd>DBIT</CdtDbtInd><AcctSvcrRef>REF000000986020</AcctSvcrRef><BkTxCd><Prtry><Cd>ATSISK</Cd></Prtry></BkTxCd><NtryDtls><Btch><NbOfTxs>3</NbOfTxs></Btch><TxDtls><Amt Ccy="EUR">224427</Amt></TxDtls></NtryDtls></Ntry><Ntry><NtryRef>REF000000991092</NtryRef><Amt Ccy="EUR">1048428.7</Amt><CdtDbtInd>CRDT</CdtDbtInd><AcctSvcrRef>REF000001005239</AcctSvcrRef><BkTxCd><Prtry><Cd>ATSISK</Cd></Prtry></BkTxCd><NtryDtls><Btch><NbOfTxs>66</NbOfTxs></Btch><TxDtls><Amt Ccy="EUR">1048428.7</Amt></TxDtls></NtryDtls></Ntry><Ntry><NtryRef>REF000001011734</NtryRef><Amt Ccy="EUR">579639.93</Amt><CdtDbtInd>DBIT</CdtDbtInd><AcctSvcrRef>REF000001029955</AcctSvcrRef><BkTxCd><Prtry><Cd>KLIRNG</Cd></Prtry></BkTxCd><NtryDtls><Btch><NbOfTxs>4</NbOfTxs></Btch><TxDtls><Amt Ccy="EUR">579639.93</Amt></TxDtls></NtryDtls></Ntry><Ntry><NtryRef>REF000001035235</NtryRef><Amt Ccy="EUR">1388</Amt><CdtDbtInd>DBIT</CdtDbtInd><AcctSvcrRef>REF000001048309</AcctSvcrRef><BkTxCd><Prtry><Cd>ATSISK</Cd></Prtry></BkTxCd><NtryDtls><Btch><NbOfTxs>1</NbOfTxs></Btch><TxDtls><Amt Ccy="EUR">1388</Amt></TxDtls></NtryDtls></Ntry><Ntry><NtryRef>REF000001059900</NtryRef><Amt Ccy="EUR">189311.59</Amt><CdtDbtInd>DBIT</CdtDbtInd><AcctSvcrRef>REF000001069124</AcctSvcrRef><BkTxCd><Prtry><Cd>ATSISK</Cd></Prtry></BkTxCd><NtryDtls><Btch><NbOfTxs>1</NbOfTxs></Btch><TxDtls><Amt Ccy="EUR">189311.59</Amt></TxDtls></NtryDtls></Ntry></Stmt><Stmt><Id>MSG60706583-MGEUDK</Id><Acct><Id><Othr><Id>LT414319056143772570</Id></Othr></Id><Tp><Prtry>ATSSK2</Prtry></Tp><Ccy>EUR</Ccy><Ownr><Id><OrgId><AnyBIC>DEUTBEB4NDX</AnyBIC></OrgId></Id></Ownr></Acct><Bal><Tp><CdOrPrtry><Cd>OPBD</Cd></CdOrPrtry></Tp><Amt Ccy="EUR">4801.55</Amt><Dt><Dt>2024-03-15</Dt></Dt><Avlbty><Amt Ccy="EUR">4801.55</Amt></Avlbty></Bal><Bal><Tp><CdOrPrtry><Cd>CLBD</Cd></CdOrPrtry></Tp><Amt Ccy="EUR">4801.55</Amt><Dt><Dt>2024-03-15</Dt></Dt><Avlbty><Amt Ccy="EUR">4801.55</Amt></Avlbty></Bal></Stmt></BkToCstmrStmt></Document>
