<?xml version='1.0' encoding='utf-8'?>
<Document xmlns="urn:iso:std:iso:20022:tech:xsd:camt.053.001.08"><BkToCstmrStmt><GrpHdr><MsgId>MSG85943600-MFLMRM</MsgId><CreDtTm>2024-03-14T19:46:22.457+02:00</CreDtTm><MsgPgntn><PgNb>2</PgNb><LastPgInd>true</LastPgInd></MsgPgntn><OrgnlBizQry><MsgId>MSG86868462-YCHVPK</MsgId></OrgnlBizQry></GrpHdr><Stmt><Id>MSG38496105-GXBPHF</Id><Acct><Id><Othr><Id>LT625883379695428516</Id></Othr></Id><Tp><Prtry>ATSISK</Prtry></Tp><Ccy>EUR</Ccy><Ownr><Id><OrgId><AnyBIC>DEUTBEB4NDX</AnyBIC></OrgId></Id></Ownr></Acct><Bal><Tp><CdOrPrtry><Cd>OPBD</Cd></CdOrPrtry></Tp><Amt Ccy="EUR">24045029.5</Amt><Dt><Dt>2024-03-14</Dt></Dt><Avlbty><Amt Ccy="EUR">24044029.5</Amt></Avlbty></Bal><Bal><Tp><CdOrPrtry><Cd>CLBD</Cd></CdOrPrtry></Tp><Amt Ccy="EUR">20888586.83</Amt><Dt><Dt>2024-03-14</Dt></Dt><Avlbty><Amt Ccy="EUR">20887586.83</Amt></Avlbty></Bal><Ntry><NtryRef>REF000000651558</NtryRef><Amt Ccy="EUR">36847</Amt><CdtDbtInd>DBIT</CdtDbtInd><AcctSvcrRef>REF000000663800</AcctSvcrRef><BkTxCd><Prtry><Cd>ATSISK</Cd></Prtry></BkTxCd><NtryDtls><Btch><NbOfTxs>6</NbOfTxs></Btch><TxDtls><Amt Ccy="EUR">36847</Amt></TxDtls></NtryDtls></Ntry><Ntry><NtryRef>REF000000679665</NtryRef><Amt Ccy="EUR">11787</Amt><CdtDbtInd>CRDT</CdtDbtInd><AcctSvcrRef>REF000000686020</AcctSvcrRef><BkTxCd><Prtry><Cd>ATSISK</Cd></Prtry></BkTxCd><NtryDtls><Btch><NbOfTxs>2</NbOfTxs></Btch><TxDtls><Amt Ccy="EUR">11787</Amt></TxDtls></NtryDtls></Ntry><Ntry><NtryRef>REF000000699665</NtryRef><Amt Ccy="EUR">11787</Amt><CdtDbtInd>DBIT</CdtDbtInd><AcctSvcrRef>REF000000706020</AcctSvcrRef><BkTxCd><Prtry><Cd>ATSISK</Cd></Prtry></BkTxCd><NtryDtls><Btch><NbOfTxs>2</NbOfTxs></Btch><TxDtls><Amt Ccy="EUR">11787</Amt></TxDtls></NtryDtls></Ntry><Ntry><NtryRef>REF000000711092</NtryRef><Amt Ccy="EUR">916497.65</Amt><CdtDbtInd>CRDT</CdtDbtInd><AcctSvcrRef>REF000000725239</AcctSvcrRef><BkTxCd><Prtry><Cd>ATSISK</Cd></Prtry></BkTxCd><NtryDtls><Btch><NbOfTxs>82</NbOfTxs></Btch><TxDtls><Amt Ccy="EUR">916497.65</Amt></TxDtls></NtryDtls></Ntry><Ntry><NtryRef>REF000000731331</NtryRef><Amt Ccy="EUR">6551</Amt><CdtDbtInd>DBIT</CdtDbtInd><AcctSvcrRef>REF000000741748</AcctSvcrRef><BkTxCd><Prtry><Cd>ATSISK</Cd></Prtry></BkTxCd><NtryDtls><Btch><NbOfTxs>1</NbOfTxs></Btch><TxDtls><Amt Ccy="EUR">6551</Amt></TxDtls></NtryDtls></Ntry><Ntry><NtryRef>REF000000751734</NtryRef><Amt Ccy="EUR">792284.81</Amt><CdtDbtInd>DBIT</CdtDbtInd><AcctSvcrRef>REF000000769955</AcctSvcrRef><BkTxCd><Prtry><Cd>KLIRNG</Cd></Prtry></BkTxCd><NtryDtls><Btch><NbOfTxs>3</NbOfTxs></Btch><TxDtls><Amt Ccy="EUR">792284.81</Amt></TxDtls></NtryDtls></Ntry><Ntry><NtryRef>REF000000775235</NtryRef><Amt Ccy="EUR">2719985.44</Amt><CdtDbtInd>DBIT</CdtDbtInd><AcctSvcrRef>REF000000788309</AcctSvcrRef><BkTxCd><Prtry><Cd>ATSISK</Cd></Prtry></BkTxCd><NtryDtls><Btch><NbOfTxs>7</NbOfTxs></Btch><TxDtls><Amt Ccy="EUR">2719985.44</Amt></TxDtls></NtryDtls></Ntry><Ntry><NtryRef>REF000000794815</NtryRef><Amt Ccy="EUR">214.46</Amt><CdtDbtInd>DBIT</CdtDbtInd><AcctSvcrRef>REF000000802595</AcctSvcrRef><BkTxCd><Prtry><Cd>ATSISK</Cd></Prtry></BkTxCd><NtryDtls><Btch><NbOfTxs>1</NbOfTxs></Btch><TxDtls><Amt Ccy="EUR">214.46</Amt></TxDtls></NtryDtls></Ntry><Ntry><NtryRef>REF000000819900</NtryRef><Amt Ccy="EUR">240433.64</Amt><CdtDbtInd>DBIT</CdtDbtInd><AcctSvcrRef>REF000000829124</AcctSvcrRef><BkTxCd><Prtry><Cd>ATSISK</Cd></Prtry></BkTxCd><NtryDtls><Btch><NbOfTxs>3</NbOfTxs></Btch><TxDtls><Amt Ccy="EUR">240433.64</Amt></TxDtls></NtryDtls></Ntry><Ntry><NtryRef>REF000000836776</NtryRef><Amt Ccy="EUR">13</Amt><CdtDbtInd>CRDT</CdtDbtInd><AcctSvcrRef>REF000000844080</AcctSvcrRef><BkTxCd><Prtry><Cd>ATSISK</Cd></Prtry></BkTxCd><NtryDtls><Btch><NbOfTxs>1</NbOfTxs></Btch><TxDtls><Amt Ccy="EUR">13</Amt></TxDtls></NtryDtls></Ntry><Ntry><NtryRef>REF000000859683</NtryRef><Amt Ccy="EUR">90563.23</Amt><CdtDbtInd>DBIT</CdtDbtInd><AcctSvcrRef>REF000000868629</AcctSvcrRef><BkTxCd><Prtry><Cd>ATSISK</Cd></Prtry></BkTxCd><NtryDtls><Btch><NbOfTxs>1</NbOfTxs></Btch><TxDtls><Amt Ccy="EUR">90563.23</Amt></TxDtls></NtryDtls></Ntry><Ntry><NtryRef>REF000000874704</NtryRef><Amt Ccy="EUR">139977.58</Amt><CdtDbtInd>DBIT</CdtDbtInd><AcctSvcrRef>REF000000884477</AcctSvcrRef><BkTxCd><Prtry><Cd>ATSISK</Cd></Prtry></BkTxCd><NtryDtls><Btch><NbOfTxs>1</NbOfTxs></Btch><TxDtls><Amt Ccy="EUR">139977.58</Amt></TxDtls></NtryDtls></Ntry><Ntry><NtryRef>REF000000891655</NtryRef><Amt Ccy="EUR">7.84</Amt><CdtDbtInd>CRDT</CdtDbtInd><AcctSvcrRef>REF000000905284</AcctSvcrRef><BkTxCd><Prtry><Cd>ATSISK</Cd></Prtry></BkTxCd><NtryDtls><Btch><NbOfTxs>2</NbOfTxs></Btch><TxDtls><Amt Ccy="EUR">7.84</Amt></TxDtls></NtryDtls></Ntry><Ntry><NtryRef>REF000000914093</NtryRef><Amt Ccy="EUR">46104</Amt><CdtDbtInd>DBIT</CdtDbtInd><AcctSvcrRef>REF000000923955</AcctSvcrRef><BkTxCd><Prtry><Cd>ATSISK</Cd></Prtry></BkTxCd><NtryDtls><Btch><NbOfTxs>1</NbOfTxs></Btch><TxDtls><Amt Ccy="EUR">46104</Amt></TxDtls></NtryDtls></Ntry></Stmt><Stmt><Id>MSG32705315-YPSBPU</Id><Acct><Id><Othr><Id>LT414319056143772570</Id></Othr></Id><Tp><Prtry>ATSSK2</Prtry></Tp><Ccy>EUR</Ccy><Ownr><Id><OrgId><AnyBIC>DEUTBEB4NDX</AnyBIC></OrgId></Id></Ownr></Acct><Bal><Tp><CdOrPrtry><Cd>OPBD</Cd></CdOrPrtry></Tp><Amt Ccy="EUR">4801.55</Amt><Dt><Dt>2024-03-14</Dt></Dt><Avlbty><Amt Ccy="EUR">4801.55</Amt></Avlbty></Bal><Bal><Tp><CdOrPrtry><Cd>CLBD</Cd></CdOrPrtry></Tp><Amt Ccy="EUR">4801.55</Amt><Dt><Dt>2024-03-14</Dt></Dt><Avlbty><Amt Ccy="EUR">4801.55</Amt></Avlbty></Bal></Stmt></BkToCstmrStmt></Document>
