<?xml version='1.0' encoding='utf-8'?>
<Document xmlns="urn:iso:std:iso:20022:tech:xsd:camt.053.001.08"><BkToCstmrStmt><GrpHdr><MsgId>MSG85943600-MFLMRM</MsgId><CreDtTm>2024-07-02T19:47:17.867+03:00</CreDtTm><MsgPgntn><PgNb>2</PgNb><LastPgInd>true</LastPgInd></MsgPgntn><OrgnlBizQry><MsgId>MSG52414860-CNXSNR</MsgId></OrgnlBizQry></GrpHdr><Stmt><Id>MSG90166992-CIBPRL</Id><Acct><Id><Othr><Id>LT414319056143772570</Id></Othr></Id><Tp><Prtry>ATSSK2</Prtry></Tp><Ccy>EUR</Ccy><Ownr><Id><OrgId><AnyBIC>DEUTBEB4NDX</AnyBIC></OrgId></Id></Ownr></Acct><Bal><Tp><CdOrPrtry><Cd>OPBD</Cd></CdOrPrtry></Tp><Amt Ccy="EUR">801.55</Amt><Dt><Dt>2024-07-02</Dt></Dt><Avlbty><Amt Ccy="EUR">801.55</Amt></Avlbty></Bal><Bal><Tp><CdOrPrtry><Cd>CLBD</Cd></CdOrPrtry></Tp><Amt Ccy="EUR">801.55</Amt><Dt><Dt>2024-07-02</Dt></Dt><Avlbty><Amt Ccy="EUR">801.55</Amt></Avlbty></Bal></Stmt><Stmt><Id>MSG76271275-ZGLYJT</Id><Acct><Id><Othr><Id>LT625883379695428516</Id></Othr></Id><Tp><Prtry>ATSISK</Prtry></Tp><Ccy>EUR</Ccy><Ownr><Id><OrgId><AnyBIC>DEUTBEB4NDX</AnyBIC></OrgId></Id></Ownr></Acct><Bal><Tp><CdOrPrtry><Cd>OPBD</Cd></CdOrPrtry></Tp><Amt Ccy="EUR">16402806.62</Amt><Dt><Dt>2024-07-02</Dt></Dt><Avlbty><Amt Ccy="EUR">16401806.62</Amt></Avlbty></Bal><Bal><Tp><CdOrPrtry><Cd>CLBD</Cd></CdOrPrtry></Tp><Amt Ccy="EUR">14457297.5</Amt><Dt><Dt>2024-07-02</Dt></Dt><Avlbty><Amt Ccy="EUR">14456297.5</Amt></Avlbty></Bal><Ntry><NtryRef>REF000013238267</NtryRef><Amt Ccy="EUR">1548.78</Amt><CdtDbtInd>CRDT</CdtDbtInd><AcctSvcrRef>REF000013244440</AcctSvcrRef><BkTxCd><Prtry><Cd>ATSISK</Cd></Prtry></BkTxCd><NtryDtls><Btch><NbOfTxs>1</NbOfTxs></Btch><TxDtls><Amt Ccy="EUR">1548.78</Amt></TxDtls></NtryDtls></Ntry><Ntry><NtryRef>REF000013257264</NtryRef><Amt Ccy="EUR">14</Amt><CdtDbtInd>CRDT</CdtDbtInd><AcctSvcrRef>REF000013266646</AcctSvcrRef><BkTxCd><Prtry><Cd>ATSISK</Cd></Prtry></BkTxCd><NtryDtls><Btch><NbOfTxs>1</NbOfTxs></Btch><TxDtls><Amt Ccy="EUR">14</Amt></TxDtls></NtryDtls></Ntry><Ntry><NtryRef>REF000013279665</NtryRef><Amt Ccy="EUR">56007.92</Amt><CdtDbtInd>DBIT</CdtDbtInd><AcctSvcrRef>REF000013286020</AcctSvcrRef><BkTxCd><Prtry><Cd>ATSISK</Cd></Prtry></BkTxCd><NtryDtls><Btch><NbOfTxs>1</NbOfTxs></Btch><TxDtls><Amt Ccy="EUR">56007.92</Amt></TxDtls></NtryDtls></Ntry><Ntry><NtryRef>REF000013291092</NtryRef><Amt Ccy="EUR">458312.57</Amt><CdtDbtInd>CRDT</CdtDbtInd><AcctSvcrRef>REF000013305239</AcctSvcrRef><BkTxCd><Prtry><Cd>ATSISK</Cd></Prtry></BkTxCd><NtryDtls><Btch><NbOfTxs>276</NbOfTxs></Btch><TxDtls><Amt Ccy="EUR">458312.57</Amt></TxDtls></NtryDtls></Ntry><Ntry><NtryRef>REF000013311734</NtryRef><Amt Ccy="EUR">392011.62</Amt><CdtDbtInd>DBIT</CdtDbtInd><AcctSvcrRef>REF000013329955</AcctSvcrRef><BkTxCd><Prtry><Cd>KLIRNG</Cd></Prtry></BkTxCd><NtryDtls><Btch><NbOfTxs>7</NbOfTxs></Btch><TxDtls><Amt Ccy="EUR">392011.62</Amt></TxDtls></NtryDtls></Ntry><Ntry><NtryRef>REF000013335235</NtryRef><Amt Ccy="EUR">1377147.03</Amt><CdtDbtInd>DBIT</CdtDbtInd><AcctSvcrRef>REF000013348309</AcctSvcrRef><BkTxCd><Prtry><Cd>ATSISK</Cd></Prtry></BkTxCd><NtryDtls><Btch><NbOfTxs>3</NbOfTxs></Btch><TxDtls><Amt Ccy="EUR">1377147.03</Amt></TxDtls></NtryDtls></Ntry><Ntry><NtryRef>REF000013359900</NtryRef><Amt Ccy="EUR">553267.08</Amt><CdtDbtInd>DBIT</CdtDbtInd><AcctSvcrRef>REF000013369124</AcctSvcrRef><BkTxCd><Prtry><Cd>ATSISK</Cd></Prtry></BkTxCd><NtryDtls><Btch><NbOfTxs>1</NbOfTxs></Btch><TxDtls><Amt Ccy="EUR">553267.08</Amt></TxDtls></NtryDtls></Ntry><Ntry><NtryRef>REF000013376262</NtryRef><Amt Ccy="EUR">5</Amt><CdtDbtInd>DBIT</CdtDbtInd><AcctSvcrRef>REF000013389512</AcctSvcrRef><BkTxCd><Prtry><Cd>ATSISK</Cd></Prtry></BkTxCd><NtryDtls><Btch><NbOfTxs>1</NbOfTxs></Btch><TxDtls><Amt Ccy="EUR">5</Amt></TxDtls></NtryDtls></Ntry><Ntry><NtryRef>REF000013394704</NtryRef><Amt Ccy="EUR">46951.02</Amt><CdtDbtInd>DBIT</CdtDbtInd><AcctSvcrRef>REF000013404477</AcctSvcrRef><BkTxCd><Prtry><Cd>ATSISK</Cd></Prtry></BkTxCd><NtryDtls><Btch><NbOfTxs>1</NbOfTxs></Btch><TxDtls><Amt Ccy="EUR">46951.02</Amt></TxDtls></NtryDtls></Ntry><Ntry><NtryRef>REF000013412615</NtryRef><Amt Ccy="EUR">70622.94</Amt><CdtDbtInd>DBIT</CdtDbtInd><AcctSvcrRef>REF000013427676</AcctSvcrRef><BkTxCd><Prtry><Cd>ATSISK</Cd></Prtry></BkTxCd><NtryDtls><Btch><NbOfTxs>1</NbOfTxs></Btch><TxDtls><Amt Ccy="EUR">70622.94</Amt></TxDtls></NtryDtls></Ntry><Ntry><NtryRef>REF000013431655</NtryRef><Amt Ccy="EUR">25</Amt><CdtDbtInd>CRDT</CdtDbtInd><AcctSvcrRef>REF000013445284</AcctSvcrRef><BkTxCd><Prtry><Cd>ATSISK</Cd></Prtry></BkTxCd><NtryDtls><Btch><NbOfTxs>1</NbOfTxs></Btch><TxDtls><Amt Ccy="EUR">25</Amt></TxDtls></NtryDtls></Ntry><Ntry><NtryRef>REF000013451655</NtryRef><Amt Ccy="EUR">31312.11</Amt><CdtDbtInd>DBIT</CdtDbtInd><AcctSvcrRef>REF000013465284</AcctSvcrRef><BkTxCd><Prtry><Cd>ATSISK</Cd></Prtry></BkTxCd><NtryDtls><Btch><NbOfTxs>3</NbOfTxs></Btch><TxDtls><Amt Ccy="EUR">31312.11</Amt></TxDtls></NtryDtls></Ntry><Ntry><NtryRef>REF000013477243</NtryRef><Amt Ccy="EUR">148710.75</Amt><CdtDbtInd>CRDT</CdtDbtInd><AcctSvcrRef>REF000013486477</AcctSvcrRef><BkTxCd><Prtry><Cd>ATSISK</Cd></Prtry></BkTxCd><NtryDtls><Btch><NbOfTxs>1</NbOfTxs></Btch><TxDtls><Amt Ccy="EUR">148710.75</Amt></TxDtls></NtryDtls></Ntry><Ntry><NtryRef>REF000013494093</NtryRef><Amt Ccy="EUR">26795.5</Amt><CdtDbtInd>DBIT</CdtDbtInd><AcctSvcrRef>REF000013503955</AcctSvcrRef><BkTxCd><Prtry><Cd>ATSISK</Cd></Prtry></BkTxCd><NtryDtls><Btch><NbOfTxs>1</NbOfTxs></Btch><TxDtls><Amt Ccy="EUR">26795.5</Amt></TxDtls></NtryDtls></Ntry></Stmt></BkToCstmrStmt></Document>
