<?xml version='1.0' encoding='utf-8'?>
<Document xmlns="urn:iso:std:iso:20022:tech:xsd:camt.053.001.08"><BkToCstmrStmt><GrpHdr><MsgId>MSG85943600-MFLMRM</MsgId><CreDtTm>2024-07-25T19:47:18.725+03:00</CreDtTm><MsgPgntn><PgNb>2</PgNb><LastPgInd>true</LastPgInd></MsgPgntn><OrgnlBizQry><MsgId>MSG55020722-YVFWRU</MsgId></OrgnlBizQry></GrpHdr><Stmt><Id>MSG80122694-BYOEOH</Id><Acct><Id><Othr><Id>LT414319056143772570</Id></Othr></Id><Tp><Prtry>ATSSK2</Prtry></Tp><Ccy>EUR</Ccy><Ownr><Id><OrgId><AnyBIC>DEUTBEB4NDX</AnyBIC></OrgId></Id></Ownr></Acct><Bal><Tp><CdOrPrtry><Cd>OPBD</Cd></CdOrPrtry></Tp><Amt Ccy="EUR">801.55</Amt><Dt><Dt>2024-07-25</Dt></Dt><Avlbty><Amt Ccy="EUR">801.55</Amt></Avlbty></Bal><Bal><Tp><CdOrPrtry><Cd>CLBD</Cd></CdOrPrtry></Tp><Amt Ccy="EUR">801.55</Amt><Dt><Dt>2024-07-25</Dt></Dt><Avlbty><Amt Ccy="EUR">801.55</Amt></Avlbty></Bal></Stmt><Stmt><Id>MSG31943086-IKREWN</Id><Acct><Id><Othr><Id>LT625883379695428516</Id></Othr></Id><Tp><Prtry>ATSISK</Prtry></Tp><Ccy>EUR</Ccy><Ownr><Id><OrgId><AnyBIC>DEUTBEB4NDX</AnyBIC></OrgId></Id></Ownr></Acct><Bal><Tp><CdOrPrtry><Cd>OPBD</Cd></CdOrPrtry></Tp><Amt Ccy="EUR">15570714.75</Amt><Dt><Dt>2024-07-25</Dt></Dt><Avlbty><Amt Ccy="EUR">15569714.75</Amt></Avlbty></Bal><Bal><Tp><CdOrPrtry><Cd>CLBD</Cd></CdOrPrtry></Tp><Amt Ccy="EUR">15630722.21</Amt><Dt><Dt>2024-07-25</Dt></Dt><Avlbty><Amt Ccy="EUR">15629722.21</Amt></Avlbty></Bal><Ntry><NtryRef>REF000015931092</NtryRef><Amt Ccy="EUR">849865.01</Amt><CdtDbtInd>CRDT</CdtDbtInd><AcctSvcrRef>REF000015945239</AcctSvcrRef><BkTxCd><Prtry><Cd>ATSISK</Cd></Prtry></BkTxCd><NtryDtls><Btch><NbOfTxs>192</NbOfTxs></Btch><TxDtls><Amt Ccy="EUR">849865.01</Amt></TxDtls></NtryDtls></Ntry><Ntry><NtryRef>REF000015951734</NtryRef><Amt Ccy="EUR">760772.57</Amt><CdtDbtInd>DBIT</CdtDbtInd><AcctSvcrRef>REF000015969955</AcctSvcrRef><BkTxCd><Prtry><Cd>KLIRNG</Cd></Prtry></BkTxCd><NtryDtls><Btch><NbOfTxs>7</NbOfTxs></Btch><TxDtls><Amt Ccy="EUR">760772.57</Amt></TxDtls></NtryDtls></Ntry><Ntry><NtryRef>REF000015974815</NtryRef><Amt Ccy="EUR">585.97</Amt><CdtDbtInd>DBIT</CdtDbtInd><AcctSvcrRef>REF000015982595</AcctSvcrRef><BkTxCd><Prtry><Cd>ATSISK</Cd></Prtry></BkTxCd><NtryDtls><Btch><NbOfTxs>1</NbOfTxs></Btch><TxDtls><Amt Ccy="EUR">585.97</Amt></TxDtls></NtryDtls></Ntry><Ntry><NtryRef>REF000015994704</NtryRef><Amt Ccy="EUR">26000</Amt><CdtDbtInd>DBIT</CdtDbtInd><AcctSvcrRef>REF000016004477</AcctSvcrRef><BkTxCd><Prtry><Cd>ATSISK</Cd></Prtry></BkTxCd><NtryDtls><Btch><NbOfTxs>1</NbOfTxs></Btch><TxDtls><Amt Ccy="EUR">26000</Amt></TxDtls></NtryDtls></Ntry><Ntry><NtryRef>REF000016011655</NtryRef><Amt Ccy="EUR">2499.01</Amt><CdtDbtInd>DBIT</CdtDbtInd><AcctSvcrRef>REF000016025284</AcctSvcrRef><BkTxCd><Prtry><Cd>ATSISK</Cd></Prtry></BkTxCd><NtryDtls><Btch><NbOfTxs>1</NbOfTxs></Btch><TxDtls><Amt Ccy="EUR">2499.01</Amt></TxDtls></NtryDtls></Ntry></Stmt></BkToCstmrStmt></Document>
