<?xml version='1.0' encoding='utf-8'?>
<Document xmlns="urn:iso:std:iso:20022:tech:xsd:camt.053.001.08"><BkToCstmrStmt><GrpHdr><MsgId>MSG85943600-MFLMRM</MsgId><CreDtTm>2024-03-20T19:47:13.336+02:00</CreDtTm><MsgPgntn><PgNb>2</PgNb><LastPgInd>true</LastPgInd></MsgPgntn><OrgnlBizQry><MsgId>MSG27333282-ECPUWQ</MsgId></OrgnlBizQry></GrpHdr><Stmt><Id>MSG46023236-QGVGGS</Id><Acct><Id><Othr><Id>LT625883379695428516</Id></Othr></Id><Tp><Prtry>ATSISK</Prtry></Tp><Ccy>EUR</Ccy><Ownr><Id><OrgId><AnyBIC>DEUTBEB4NDX</AnyBIC></OrgId></Id></Ownr></Acct><Bal><Tp><CdOrPrtry><Cd>OPBD</Cd></CdOrPrtry></Tp><Amt Ccy="EUR">19394788.85</Amt><Dt><Dt>2024-03-20</Dt></Dt><Avlbty><Amt Ccy="EUR">19393788.85</Amt></Avlbty></Bal><Bal><Tp><CdOrPrtry><Cd>CLBD</Cd></CdOrPrtry></Tp><Amt Ccy="EUR">19536402.5</Amt><Dt><Dt>2024-03-20</Dt></Dt><Avlbty><Amt Ccy="EUR">19535402.5</Amt></Avlbty></Bal><Ntry><NtryRef>REF000001351558</NtryRef><Amt Ccy="EUR">79381</Amt><CdtDbtInd>DBIT</CdtDbtInd><AcctSvcrRef>REF000001363800</AcctSvcrRef><BkTxCd><Prtry><Cd>ATSISK</Cd></Prtry></BkTxCd><NtryDtls><Btch><NbOfTxs>2</NbOfTxs></Btch><TxDtls><Amt Ccy="EUR">79381</Amt></TxDtls></NtryDtls></Ntry><Ntry><NtryRef>REF000001371092</NtryRef><Amt Ccy="EUR">1423993.58</Amt><CdtDbtInd>CRDT</CdtDbtInd><AcctSvcrRef>REF000001385239</AcctSvcrRef><BkTxCd><Prtry><Cd>ATSISK</Cd></Prtry></BkTxCd><NtryDtls><Btch><NbOfTxs>89</NbOfTxs></Btch><TxDtls><Amt Ccy="EUR">1423993.58</Amt></TxDtls></NtryDtls></Ntry><Ntry><NtryRef>REF000001391734</NtryRef><Amt Ccy="EUR">816062.36</Amt><CdtDbtInd>DBIT</CdtDbtInd><AcctSvcrRef>REF000001409955</AcctSvcrRef><BkTxCd><Prtry><Cd>KLIRNG</Cd></Prtry></BkTxCd><NtryDtls><Btch><NbOfTxs>5</NbOfTxs></Btch><TxDtls><Amt Ccy="EUR">816062.36</Amt></TxDtls></NtryDtls></Ntry><Ntry><NtryRef>REF000001416050</NtryRef><Amt Ccy="EUR">369847.1</Amt><CdtDbtInd>DBIT</CdtDbtInd><AcctSvcrRef>REF000001421303</AcctSvcrRef><BkTxCd><Prtry><Cd>ATSISK</Cd></Prtry></BkTxCd><NtryDtls><Btch><NbOfTxs>2</NbOfTxs></Btch><TxDtls><Amt Ccy="EUR">369847.1</Amt></TxDtls></NtryDtls></Ntry><Ntry><NtryRef>REF000001434704</NtryRef><Amt Ccy="EUR">17089.47</Amt><CdtDbtInd>DBIT</CdtDbtInd><AcctSvcrRef>REF000001444477</AcctSvcrRef><BkTxCd><Prtry><Cd>ATSISK</Cd></Prtry></BkTxCd><NtryDtls><Btch><NbOfTxs>1</NbOfTxs></Btch><TxDtls><Amt Ccy="EUR">17089.47</Amt></TxDtls></NtryDtls></Ntry></Stmt><Stmt><Id>MSG23170302-BWDPKA</Id><Acct><Id><Othr><Id>LT414319056143772570</Id></Othr></Id><Tp><Prtry>ATSSK2</Prtry></Tp><Ccy>EUR</Ccy><Ownr><Id><OrgId><AnyBIC>DEUTBEB4NDX</AnyBIC></OrgId></Id></Ownr></Acct><Bal><Tp><CdOrPrtry><Cd>OPBD</Cd></CdOrPrtry></Tp><Amt Ccy="EUR">4801.55</Amt><Dt><Dt>2024-03-20</Dt></Dt><Avlbty><Amt Ccy="EUR">4801.55</Amt></Avlbty></Bal><Bal><Tp><CdOrPrtry><Cd>CLBD</Cd></CdOrPrtry></Tp><Amt Ccy="EUR">4801.55</Amt><Dt><Dt>2024-03-20</Dt></Dt><Avlbty><Amt Ccy="EUR">4801.55</Amt></Avlbty></Bal></Stmt></BkToCstmrStmt></Document>
