<?xml version='1.0' encoding='utf-8'?>
<Document xmlns="urn:iso:std:iso:20022:tech:xsd:camt.053.001.08"><BkToCstmrStmt><GrpHdr><MsgId>MSG85943600-MFLMRM</MsgId><CreDtTm>2024-09-26T19:47:24.123+03:00</CreDtTm><MsgPgntn><PgNb>1</PgNb><LastPgInd>true</LastPgInd></MsgPgntn><OrgnlBizQry><MsgId>MSG50029657-ZBNSMX</MsgId></OrgnlBizQry></GrpHdr><Stmt><Id>MSG49496934-WEDMJF</Id><Acct><Id><Othr><Id>LT625883379695428516</Id></Othr></Id><Tp><Prtry>ATSISK</Prtry></Tp><Ccy>EUR</Ccy><Ownr><Id><OrgId><AnyBIC>DEUTBEB4NDX</AnyBIC></OrgId></Id></Ownr></Acct><Bal><Tp><CdOrPrtry><Cd>OPBD</Cd></CdOrPrtry></Tp><Amt Ccy="EUR">21293847.18</Amt><Dt><Dt>2024-09-26</Dt></Dt><Avlbty><Amt Ccy="EUR">21292847.18</Amt></Avlbty></Bal><Bal><Tp><CdOrPrtry><Cd>CLBD</Cd></CdOrPrtry></Tp><Amt Ccy="EUR">21434200.62</Amt><Dt><Dt>2024-09-26</Dt></Dt><Avlbty><Amt Ccy="EUR">21433200.62</Amt></Avlbty></Bal><Ntry><NtryRef>REF000023197264</NtryRef><Amt Ccy="EUR">742.24</Amt><CdtDbtInd>DBIT</CdtDbtInd><AcctSvcrRef>REF000023206646</AcctSvcrRef><BkTxCd><Prtry><Cd>ATSISK</Cd></Prtry></BkTxCd><NtryDtls><Btch><NbOfTxs>1</NbOfTxs></Btch><TxDtls><Amt Ccy="EUR">742.24</Amt></TxDtls></NtryDtls></Ntry><Ntry><NtryRef>REF000023218280</NtryRef><Amt Ccy="EUR">110000</Amt><CdtDbtInd>DBIT</CdtDbtInd><AcctSvcrRef>REF000023221452</AcctSvcrRef><BkTxCd><Prtry><Cd>ATSISK</Cd></Prtry></BkTxCd><NtryDtls><Btch><NbOfTxs>1</NbOfTxs></Btch><TxDtls><Amt Ccy="EUR">110000</Amt></TxDtls></NtryDtls></Ntry><Ntry><NtryRef>REF000023231092</NtryRef><Amt Ccy="EUR">770295.38</Amt><CdtDbtInd>CRDT</CdtDbtInd><AcctSvcrRef>REF000023245239</AcctSvcrRef><BkTxCd><Prtry><Cd>ATSISK</Cd></Prtry></BkTxCd><NtryDtls><Btch><NbOfTxs>236</NbOfTxs></Btch><TxDtls><Amt Ccy="EUR">770295.38</Amt></TxDtls></NtryDtls></Ntry><Ntry><NtryRef>REF000023259163</NtryRef><Amt Ccy="EUR">75756.9</Amt><CdtDbtInd>DBIT</CdtDbtInd><AcctSvcrRef>REF000023268816</AcctSvcrRef><BkTxCd><Prtry><Cd>ATSISK</Cd></Prtry></BkTxCd><NtryDtls><Btch><NbOfTxs>1</NbOfTxs></Btch><TxDtls><Amt Ccy="EUR">75756.9</Amt></TxDtls></NtryDtls></Ntry><Ntry><NtryRef>REF000023271734</NtryRef><Amt Ccy="EUR">443442.8</Amt><CdtDbtInd>DBIT</CdtDbtInd><AcctSvcrRef>REF000023289955</AcctSvcrRef><BkTxCd><Prtry><Cd>KLIRNG</Cd></Prtry></BkTxCd><NtryDtls><Btch><NbOfTxs>7</NbOfTxs></Btch><TxDtls><Amt Ccy="EUR">443442.8</Amt></TxDtls></NtryDtls></Ntry></Stmt></BkToCstmrStmt></Document>
