<?xml version='1.0' encoding='utf-8'?>
<Document xmlns="urn:iso:std:iso:20022:tech:xsd:camt.053.001.08"><BkToCstmrStmt><GrpHdr><MsgId>MSG85943600-MFLMRM</MsgId><CreDtTm>2024-10-09T19:47:16.264+03:00</CreDtTm><MsgPgntn><PgNb>1</PgNb><LastPgInd>true</LastPgInd></MsgPgntn><OrgnlBizQry><MsgId>MSG30781662-BVXCXQ</MsgId></OrgnlBizQry></GrpHdr><Stmt><Id>MSG99183393-GBZKVT</Id><Acct><Id><Othr><Id>LT625883379695428516</Id></Othr></Id><Tp><Prtry>ATSISK</Prtry></Tp><Ccy>EUR</Ccy><Ownr><Id><OrgId><AnyBIC>DEUTBEB4NDX</AnyBIC></OrgId></Id></Ownr></Acct><Bal><Tp><CdOrPrtry><Cd>OPBD</Cd></CdOrPrtry></Tp><Amt Ccy="EUR">19953808.26</Amt><Dt><Dt>2024-10-09</Dt></Dt><Avlbty><Amt Ccy="EUR">19952808.26</Amt></Avlbty></Bal><Bal><Tp><CdOrPrtry><Cd>CLBD</Cd></CdOrPrtry></Tp><Amt Ccy="EUR">18550731.56</Amt><Dt><Dt>2024-10-09</Dt></Dt><Avlbty><Amt Ccy="EUR">18549731.56</Amt></Avlbty></Bal><Ntry><NtryRef>REF000024831558</NtryRef><Amt Ccy="EUR">42699</Amt><CdtDbtInd>DBIT</CdtDbtInd><AcctSvcrRef>REF000024843800</AcctSvcrRef><BkTxCd><Prtry><Cd>ATSISK</Cd></Prtry></BkTxCd><NtryDtls><Btch><NbOfTxs>4</NbOfTxs></Btch><TxDtls><Amt Ccy="EUR">42699</Amt></TxDtls></NtryDtls></Ntry><Ntry><NtryRef>REF000024857264</NtryRef><Amt Ccy="EUR">2206.4</Amt><CdtDbtInd>CRDT</CdtDbtInd><AcctSvcrRef>REF000024866646</AcctSvcrRef><BkTxCd><Prtry><Cd>ATSISK</Cd></Prtry></BkTxCd><NtryDtls><Btch><NbOfTxs>4</NbOfTxs></Btch><TxDtls><Amt Ccy="EUR">2206.4</Amt></TxDtls></NtryDtls></Ntry><Ntry><NtryRef>REF000024877264</NtryRef><Amt Ccy="EUR">30</Amt><CdtDbtInd>DBIT</CdtDbtInd><AcctSvcrRef>REF000024886646</AcctSvcrRef><BkTxCd><Prtry><Cd>ATSISK</Cd></Prtry></BkTxCd><NtryDtls><Btch><NbOfTxs>1</NbOfTxs></Btch><TxDtls><Amt Ccy="EUR">30</Amt></TxDtls></NtryDtls></Ntry><Ntry><NtryRef>REF000024891092</NtryRef><Amt Ccy="EUR">1039514.16</Amt><CdtDbtInd>CRDT</CdtDbtInd><AcctSvcrRef>REF000024905239</AcctSvcrRef><BkTxCd><Prtry><Cd>ATSISK</Cd></Prtry></BkTxCd><NtryDtls><Btch><NbOfTxs>239</NbOfTxs></Btch><TxDtls><Amt Ccy="EUR">1039514.16</Amt></TxDtls></NtryDtls></Ntry><Ntry><NtryRef>REF000024918851</NtryRef><Amt Ccy="EUR">1991</Amt><CdtDbtInd>CRDT</CdtDbtInd><AcctSvcrRef>REF000024921558</AcctSvcrRef><BkTxCd><Prtry><Cd>ATSISK</Cd></Prtry></BkTxCd><NtryDtls><Btch><NbOfTxs>1</NbOfTxs></Btch><TxDtls><Amt Ccy="EUR">1991</Amt></TxDtls></NtryDtls></Ntry><Ntry><NtryRef>REF000024931331</NtryRef><Amt Ccy="EUR">7920</Amt><CdtDbtInd>DBIT</CdtDbtInd><AcctSvcrRef>REF000024941748</AcctSvcrRef><BkTxCd><Prtry><Cd>ATSISK</Cd></Prtry></BkTxCd><NtryDtls><Btch><NbOfTxs>11</NbOfTxs></Btch><TxDtls><Amt Ccy="EUR">7920</Amt></TxDtls></NtryDtls></Ntry><Ntry><NtryRef>REF000024951734</NtryRef><Amt Ccy="EUR">636052.19</Amt><CdtDbtInd>DBIT</CdtDbtInd><AcctSvcrRef>REF000024969955</AcctSvcrRef><BkTxCd><Prtry><Cd>KLIRNG</Cd></Prtry></BkTxCd><NtryDtls><Btch><NbOfTxs>7</NbOfTxs></Btch><TxDtls><Amt Ccy="EUR">636052.19</Amt></TxDtls></NtryDtls></Ntry><Ntry><NtryRef>REF000024975235</NtryRef><Amt Ccy="EUR">1639387.57</Amt><CdtDbtInd>DBIT</CdtDbtInd><AcctSvcrRef>REF000024988309</AcctSvcrRef><BkTxCd><Prtry><Cd>ATSISK</Cd></Prtry></BkTxCd><NtryDtls><Btch><NbOfTxs>8</NbOfTxs></Btch><TxDtls><Amt Ccy="EUR">1639387.57</Amt></TxDtls></NtryDtls></Ntry><Ntry><NtryRef>REF000024994815</NtryRef><Amt Ccy="EUR">15</Amt><CdtDbtInd>DBIT</CdtDbtInd><AcctSvcrRef>REF000025002595</AcctSvcrRef><BkTxCd><Prtry><Cd>ATSISK</Cd></Prtry></BkTxCd><NtryDtls><Btch><NbOfTxs>1</NbOfTxs></Btch><TxDtls><Amt Ccy="EUR">15</Amt></TxDtls></NtryDtls></Ntry><Ntry><NtryRef>REF000025019900</NtryRef><Amt Ccy="EUR">11620.5</Amt><CdtDbtInd>DBIT</CdtDbtInd><AcctSvcrRef>REF000025029124</AcctSvcrRef><BkTxCd><Prtry><Cd>ATSISK</Cd></Prtry></BkTxCd><NtryDtls><Btch><NbOfTxs>1</NbOfTxs></Btch><TxDtls><Amt Ccy="EUR">11620.5</Amt></TxDtls></NtryDtls></Ntry><Ntry><NtryRef>REF000025034704</NtryRef><Amt Ccy="EUR">96703</Amt><CdtDbtInd>DBIT</CdtDbtInd><AcctSvcrRef>REF000025044477</AcctSvcrRef><BkTxCd><Prtry><Cd>ATSISK</Cd></Prtry></BkTxCd><NtryDtls><Btch><NbOfTxs>1</NbOfTxs></Btch><TxDtls><Amt Ccy="EUR">96703</Amt></TxDtls></NtryDtls></Ntry><Ntry><NtryRef>REF000025054093</NtryRef><Amt Ccy="EUR">12361</Amt><CdtDbtInd>DBIT</CdtDbtInd><AcctSvcrRef>REF000025063955</AcctSvcrRef><BkTxCd><Prtry><Cd>ATSISK</Cd></Prtry></BkTxCd><NtryDtls><Btch><NbOfTxs>12</NbOfTxs></Btch><TxDtls><Amt Ccy="EUR">12361</Amt></TxDtls></NtryDtls></Ntry></Stmt></BkToCstmrStmt></Document>
