<?xml version='1.0' encoding='utf-8'?>
<Document xmlns="urn:iso:std:iso:20022:tech:xsd:camt.053.001.08"><BkToCstmrStmt><GrpHdr><MsgId>MSG85943600-MFLMRM</MsgId><CreDtTm>2024-05-09T19:48:22.347+03:00</CreDtTm><MsgPgntn><PgNb>2</PgNb><LastPgInd>true</LastPgInd></MsgPgntn><OrgnlBizQry><MsgId>MSG33184902-XMQYSM</MsgId></OrgnlBizQry></GrpHdr><Stmt><Id>MSG78610874-OBHQNU</Id><Acct><Id><Othr><Id>LT625883379695428516</Id></Othr></Id><Tp><Prtry>ATSISK</Prtry></Tp><Ccy>EUR</Ccy><Ownr><Id><OrgId><AnyBIC>DEUTBEB4NDX</AnyBIC></OrgId></Id></Ownr></Acct><Bal><Tp><CdOrPrtry><Cd>OPBD</Cd></CdOrPrtry></Tp><Amt Ccy="EUR">16367452.97</Amt><Dt><Dt>2024-05-09</Dt></Dt><Avlbty><Amt Ccy="EUR">16366452.97</Amt></Avlbty></Bal><Bal><Tp><CdOrPrtry><Cd>CLBD</Cd></CdOrPrtry></Tp><Amt Ccy="EUR">16402890.22</Amt><Dt><Dt>2024-05-09</Dt></Dt><Avlbty><Amt Ccy="EUR">16401890.22</Amt></Avlbty></Bal><Ntry><NtryRef>REF000006931092</NtryRef><Amt Ccy="EUR">322492.23</Amt><CdtDbtInd>CRDT</CdtDbtInd><AcctSvcrRef>REF000006945239</AcctSvcrRef><BkTxCd><Prtry><Cd>ATSISK</Cd></Prtry></BkTxCd><NtryDtls><Btch><NbOfTxs>94</NbOfTxs></Btch><TxDtls><Amt Ccy="EUR">322492.23</Amt></TxDtls></NtryDtls></Ntry><Ntry><NtryRef>REF000006951734</NtryRef><Amt Ccy="EUR">290294.16</Amt><CdtDbtInd>DBIT</CdtDbtInd><AcctSvcrRef>REF000006969955</AcctSvcrRef><BkTxCd><Prtry><Cd>KLIRNG</Cd></Prtry></BkTxCd><NtryDtls><Btch><NbOfTxs>7</NbOfTxs></Btch><TxDtls><Amt Ccy="EUR">290294.16</Amt></TxDtls></NtryDtls></Ntry><Ntry><NtryRef>REF000006977078</NtryRef><Amt Ccy="EUR">3239.18</Amt><CdtDbtInd>CRDT</CdtDbtInd><AcctSvcrRef>REF000006982822</AcctSvcrRef><BkTxCd><Prtry><Cd>ATSISK</Cd></Prtry></BkTxCd><NtryDtls><Btch><NbOfTxs>1</NbOfTxs></Btch><TxDtls><Amt Ccy="EUR">3239.18</Amt></TxDtls></NtryDtls></Ntry></Stmt><Stmt><Id>MSG60252979-FUONOH</Id><Acct><Id><Othr><Id>LT414319056143772570</Id></Othr></Id><Tp><Prtry>ATSSK2</Prtry></Tp><Ccy>EUR</Ccy><Ownr><Id><OrgId><AnyBIC>DEUTBEB4NDX</AnyBIC></OrgId></Id></Ownr></Acct><Bal><Tp><CdOrPrtry><Cd>OPBD</Cd></CdOrPrtry></Tp><Amt Ccy="EUR">801.55</Amt><Dt><Dt>2024-05-09</Dt></Dt><Avlbty><Amt Ccy="EUR">801.55</Amt></Avlbty></Bal><Bal><Tp><CdOrPrtry><Cd>CLBD</Cd></CdOrPrtry></Tp><Amt Ccy="EUR">801.55</Amt><Dt><Dt>2024-05-09</Dt></Dt><Avlbty><Amt Ccy="EUR">801.55</Amt></Avlbty></Bal></Stmt></BkToCstmrStmt></Document>
