<?xml version='1.0' encoding='utf-8'?>
<Document xmlns="urn:iso:std:iso:20022:tech:xsd:camt.053.001.08"><BkToCstmrStmt><GrpHdr><MsgId>MSG85943600-MFLMRM</MsgId><CreDtTm>2024-03-12T20:01:26.661+02:00</CreDtTm><MsgPgntn><PgNb>2</PgNb><LastPgInd>true</LastPgInd></MsgPgntn><OrgnlBizQry><MsgId>MSG40320060-VIFWZG</MsgId></OrgnlBizQry></GrpHdr><Stmt><Id>MSG38516034-YOWYRK</Id><Acct><Id><Othr><Id>LT625883379695428516</Id></Othr></Id><Tp><Prtry>ATSISK</Prtry></Tp><Ccy>EUR</Ccy><Ownr><Id><OrgId><AnyBIC>DEUTBEB4NDX</AnyBIC></OrgId></Id></Ownr></Acct><Bal><Tp><CdOrPrtry><Cd>OPBD</Cd></CdOrPrtry></Tp><Amt Ccy="EUR">29194819.2</Amt><Dt><Dt>2024-03-12</Dt></Dt><Avlbty><Amt Ccy="EUR">29193819.2</Amt></Avlbty></Bal><Bal><Tp><CdOrPrtry><Cd>CLBD</Cd></CdOrPrtry></Tp><Amt Ccy="EUR">24557140.69</Amt><Dt><Dt>2024-03-12</Dt></Dt><Avlbty><Amt Ccy="EUR">24556140.69</Amt></Avlbty></Bal><Ntry><NtryRef>REF000000311558</NtryRef><Amt Ccy="EUR">177607</Amt><CdtDbtInd>DBIT</CdtDbtInd><AcctSvcrRef>REF000000323800</AcctSvcrRef><BkTxCd><Prtry><Cd>ATSISK</Cd></Prtry></BkTxCd><NtryDtls><Btch><NbOfTxs>1</NbOfTxs></Btch><TxDtls><Amt Ccy="EUR">177607</Amt></TxDtls></NtryDtls></Ntry><Ntry><NtryRef>REF000000339665</NtryRef><Amt Ccy="EUR">100000</Amt><CdtDbtInd>DBIT</CdtDbtInd><AcctSvcrRef>REF000000346020</AcctSvcrRef><BkTxCd><Prtry><Cd>ATSISK</Cd></Prtry></BkTxCd><NtryDtls><Btch><NbOfTxs>1</NbOfTxs></Btch><TxDtls><Amt Ccy="EUR">100000</Amt></TxDtls></NtryDtls></Ntry><Ntry><NtryRef>REF000000355215</NtryRef><Amt Ccy="EUR">5073000</Amt><CdtDbtInd>DBIT</CdtDbtInd><AcctSvcrRef>REF000000362846</AcctSvcrRef><BkTxCd><Prtry><Cd>ATSISK</Cd></Prtry></BkTxCd><NtryDtls><Btch><NbOfTxs>7</NbOfTxs></Btch><TxDtls><Amt Ccy="EUR">5073000</Amt></TxDtls></NtryDtls></Ntry><Ntry><NtryRef>REF000000371092</NtryRef><Amt Ccy="EUR">2426466.1</Amt><CdtDbtInd>CRDT</CdtDbtInd><AcctSvcrRef>REF000000385239</AcctSvcrRef><BkTxCd><Prtry><Cd>ATSISK</Cd></Prtry></BkTxCd><NtryDtls><Btch><NbOfTxs>102</NbOfTxs></Btch><TxDtls><Amt Ccy="EUR">2426466.1</Amt></TxDtls></NtryDtls></Ntry><Ntry><NtryRef>REF000000391734</NtryRef><Amt Ccy="EUR">788337.99</Amt><CdtDbtInd>DBIT</CdtDbtInd><AcctSvcrRef>REF000000409955</AcctSvcrRef><BkTxCd><Prtry><Cd>KLIRNG</Cd></Prtry></BkTxCd><NtryDtls><Btch><NbOfTxs>5</NbOfTxs></Btch><TxDtls><Amt Ccy="EUR">788337.99</Amt></TxDtls></NtryDtls></Ntry><Ntry><NtryRef>REF000000415235</NtryRef><Amt Ccy="EUR">111462</Amt><CdtDbtInd>DBIT</CdtDbtInd><AcctSvcrRef>REF000000428309</AcctSvcrRef><BkTxCd><Prtry><Cd>ATSISK</Cd></Prtry></BkTxCd><NtryDtls><Btch><NbOfTxs>1</NbOfTxs></Btch><TxDtls><Amt Ccy="EUR">111462</Amt></TxDtls></NtryDtls></Ntry><Ntry><NtryRef>REF000000439820</NtryRef><Amt Ccy="EUR">47789</Amt><CdtDbtInd>DBIT</CdtDbtInd><AcctSvcrRef>REF000000449001</AcctSvcrRef><BkTxCd><Prtry><Cd>ATSISK</Cd></Prtry></BkTxCd><NtryDtls><Btch><NbOfTxs>1</NbOfTxs></Btch><TxDtls><Amt Ccy="EUR">47789</Amt></TxDtls></NtryDtls></Ntry><Ntry><NtryRef>REF000000454815</NtryRef><Amt Ccy="EUR">413871.51</Amt><CdtDbtInd>DBIT</CdtDbtInd><AcctSvcrRef>REF000000462595</AcctSvcrRef><BkTxCd><Prtry><Cd>ATSISK</Cd></Prtry></BkTxCd><NtryDtls><Btch><NbOfTxs>1</NbOfTxs></Btch><TxDtls><Amt Ccy="EUR">413871.51</Amt></TxDtls></NtryDtls></Ntry><Ntry><NtryRef>REF000000474704</NtryRef><Amt Ccy="EUR">9995</Amt><CdtDbtInd>CRDT</CdtDbtInd><AcctSvcrRef>REF000000484477</AcctSvcrRef><BkTxCd><Prtry><Cd>ATSISK</Cd></Prtry></BkTxCd><NtryDtls><Btch><NbOfTxs>1</NbOfTxs></Btch><TxDtls><Amt Ccy="EUR">9995</Amt></TxDtls></NtryDtls></Ntry><Ntry><NtryRef>REF000000491655</NtryRef><Amt Ccy="EUR">7.84</Amt><CdtDbtInd>DBIT</CdtDbtInd><AcctSvcrRef>REF000000505284</AcctSvcrRef><BkTxCd><Prtry><Cd>ATSISK</Cd></Prtry></BkTxCd><NtryDtls><Btch><NbOfTxs>2</NbOfTxs></Btch><TxDtls><Amt Ccy="EUR">7.84</Amt></TxDtls></NtryDtls></Ntry><Ntry><NtryRef>REF000000517801</NtryRef><Amt Ccy="EUR">362064.27</Amt><CdtDbtInd>DBIT</CdtDbtInd><AcctSvcrRef>REF000000523721</AcctSvcrRef><BkTxCd><Prtry><Cd>ATSISK</Cd></Prtry></BkTxCd><NtryDtls><Btch><NbOfTxs>1</NbOfTxs></Btch><TxDtls><Amt Ccy="EUR">362064.27</Amt></TxDtls></NtryDtls></Ntry></Stmt><Stmt><Id>MSG28587967-FNGDVO</Id><Acct><Id><Othr><Id>LT414319056143772570</Id></Othr></Id><Tp><Prtry>ATSSK2</Prtry></Tp><Ccy>EUR</Ccy><Ownr><Id><OrgId><AnyBIC>DEUTBEB4NDX</AnyBIC></OrgId></Id></Ownr></Acct><Bal><Tp><CdOrPrtry><Cd>OPBD</Cd></CdOrPrtry></Tp><Amt Ccy="EUR">4801.55</Amt><Dt><Dt>2024-03-12</Dt></Dt><Avlbty><Amt Ccy="EUR">4801.55</Amt></Avlbty></Bal><Bal><Tp><CdOrPrtry><Cd>CLBD</Cd></CdOrPrtry></Tp><Amt Ccy="EUR">4801.55</Amt><Dt><Dt>2024-03-12</Dt></Dt><Avlbty><Amt Ccy="EUR">4801.55</Amt></Avlbty></Bal></Stmt></BkToCstmrStmt></Document>
