<?xml version='1.0' encoding='utf-8'?>
<Document xmlns="urn:iso:std:iso:20022:tech:xsd:camt.053.001.08"><BkToCstmrStmt><GrpHdr><MsgId>MSG85943600-MFLMRM</MsgId><CreDtTm>2024-04-24T19:47:09.843+03:00</CreDtTm><MsgPgntn><PgNb>2</PgNb><LastPgInd>true</LastPgInd></MsgPgntn><OrgnlBizQry><MsgId>MSG22657360-AYLECC</MsgId></OrgnlBizQry></GrpHdr><Stmt><Id>MSG49312177-IAXETM</Id><Acct><Id><Othr><Id>LT625883379695428516</Id></Othr></Id><Tp><Prtry>ATSISK</Prtry></Tp><Ccy>EUR</Ccy><Ownr><Id><OrgId><AnyBIC>DEUTBEB4NDX</AnyBIC></OrgId></Id></Ownr></Acct><Bal><Tp><CdOrPrtry><Cd>OPBD</Cd></CdOrPrtry></Tp><Amt Ccy="EUR">18145539.42</Amt><Dt><Dt>2024-04-24</Dt></Dt><Avlbty><Amt Ccy="EUR">18144539.42</Amt></Avlbty></Bal><Bal><Tp><CdOrPrtry><Cd>CLBD</Cd></CdOrPrtry></Tp><Amt Ccy="EUR">17857711.17</Amt><Dt><Dt>2024-04-24</Dt></Dt><Avlbty><Amt Ccy="EUR">17856711.17</Amt></Avlbty></Bal><Ntry><NtryRef>REF000005077264</NtryRef><Amt Ccy="EUR">20</Amt><CdtDbtInd>CRDT</CdtDbtInd><AcctSvcrRef>REF000005086646</AcctSvcrRef><BkTxCd><Prtry><Cd>ATSISK</Cd></Prtry></BkTxCd><NtryDtls><Btch><NbOfTxs>1</NbOfTxs></Btch><TxDtls><Amt Ccy="EUR">20</Amt></TxDtls></NtryDtls></Ntry><Ntry><NtryRef>REF000005091092</NtryRef><Amt Ccy="EUR">1039572.92</Amt><CdtDbtInd>CRDT</CdtDbtInd><AcctSvcrRef>REF000005105239</AcctSvcrRef><BkTxCd><Prtry><Cd>ATSISK</Cd></Prtry></BkTxCd><NtryDtls><Btch><NbOfTxs>113</NbOfTxs></Btch><TxDtls><Amt Ccy="EUR">1039572.92</Amt></TxDtls></NtryDtls></Ntry><Ntry><NtryRef>REF000005119163</NtryRef><Amt Ccy="EUR">250</Amt><CdtDbtInd>DBIT</CdtDbtInd><AcctSvcrRef>REF000005128816</AcctSvcrRef><BkTxCd><Prtry><Cd>ATSISK</Cd></Prtry></BkTxCd><NtryDtls><Btch><NbOfTxs>1</NbOfTxs></Btch><TxDtls><Amt Ccy="EUR">250</Amt></TxDtls></NtryDtls></Ntry><Ntry><NtryRef>REF000005131734</NtryRef><Amt Ccy="EUR">166568.48</Amt><CdtDbtInd>DBIT</CdtDbtInd><AcctSvcrRef>REF000005149955</AcctSvcrRef><BkTxCd><Prtry><Cd>KLIRNG</Cd></Prtry></BkTxCd><NtryDtls><Btch><NbOfTxs>6</NbOfTxs></Btch><TxDtls><Amt Ccy="EUR">166568.48</Amt></TxDtls></NtryDtls></Ntry><Ntry><NtryRef>REF000005159900</NtryRef><Amt Ccy="EUR">948134.76</Amt><CdtDbtInd>DBIT</CdtDbtInd><AcctSvcrRef>REF000005169124</AcctSvcrRef><BkTxCd><Prtry><Cd>ATSISK</Cd></Prtry></BkTxCd><NtryDtls><Btch><NbOfTxs>2</NbOfTxs></Btch><TxDtls><Amt Ccy="EUR">948134.76</Amt></TxDtls></NtryDtls></Ntry><Ntry><NtryRef>REF000005176050</NtryRef><Amt Ccy="EUR">151000.01</Amt><CdtDbtInd>DBIT</CdtDbtInd><AcctSvcrRef>REF000005181303</AcctSvcrRef><BkTxCd><Prtry><Cd>ATSISK</Cd></Prtry></BkTxCd><NtryDtls><Btch><NbOfTxs>1</NbOfTxs></Btch><TxDtls><Amt Ccy="EUR">151000.01</Amt></TxDtls></NtryDtls></Ntry><Ntry><NtryRef>REF000005192615</NtryRef><Amt Ccy="EUR">61267.92</Amt><CdtDbtInd>DBIT</CdtDbtInd><AcctSvcrRef>REF000005207676</AcctSvcrRef><BkTxCd><Prtry><Cd>ATSISK</Cd></Prtry></BkTxCd><NtryDtls><Btch><NbOfTxs>1</NbOfTxs></Btch><TxDtls><Amt Ccy="EUR">61267.92</Amt></TxDtls></NtryDtls></Ntry><Ntry><NtryRef>REF000005211655</NtryRef><Amt Ccy="EUR">200</Amt><CdtDbtInd>DBIT</CdtDbtInd><AcctSvcrRef>REF000005225284</AcctSvcrRef><BkTxCd><Prtry><Cd>ATSISK</Cd></Prtry></BkTxCd><NtryDtls><Btch><NbOfTxs>1</NbOfTxs></Btch><TxDtls><Amt Ccy="EUR">200</Amt></TxDtls></NtryDtls></Ntry></Stmt><Stmt><Id>MSG49771180-BRWWMQ</Id><Acct><Id><Othr><Id>LT414319056143772570</Id></Othr></Id><Tp><Prtry>ATSSK2</Prtry></Tp><Ccy>EUR</Ccy><Ownr><Id><OrgId><AnyBIC>DEUTBEB4NDX</AnyBIC></OrgId></Id></Ownr></Acct><Bal><Tp><CdOrPrtry><Cd>OPBD</Cd></CdOrPrtry></Tp><Amt Ccy="EUR">801.55</Amt><Dt><Dt>2024-04-24</Dt></Dt><Avlbty><Amt Ccy="EUR">801.55</Amt></Avlbty></Bal><Bal><Tp><CdOrPrtry><Cd>CLBD</Cd></CdOrPrtry></Tp><Amt Ccy="EUR">801.55</Amt><Dt><Dt>2024-04-24</Dt></Dt><Avlbty><Amt Ccy="EUR">801.55</Amt></Avlbty></Bal></Stmt></BkToCstmrStmt></Document>
