<?xml version='1.0' encoding='utf-8'?>
<Document xmlns="urn:iso:std:iso:20022:tech:xsd:camt.053.001.08"><BkToCstmrStmt><GrpHdr><MsgId>MSG85943600-MFLMRM</MsgId><CreDtTm>2024-04-05T19:47:21.452+03:00</CreDtTm><MsgPgntn><PgNb>2</PgNb><LastPgInd>true</LastPgInd></MsgPgntn><OrgnlBizQry><MsgId>MSG22469240-AWVFGC</MsgId></OrgnlBizQry></GrpHdr><Stmt><Id>MSG43433868-FPSIBR</Id><Acct><Id><Othr><Id>LT625883379695428516</Id></Othr></Id><Tp><Prtry>ATSISK</Prtry></Tp><Ccy>EUR</Ccy><Ownr><Id><OrgId><AnyBIC>DEUTBEB4NDX</AnyBIC></OrgId></Id></Ownr></Acct><Bal><Tp><CdOrPrtry><Cd>OPBD</Cd></CdOrPrtry></Tp><Amt Ccy="EUR">17312218.74</Amt><Dt><Dt>2024-04-05</Dt></Dt><Avlbty><Amt Ccy="EUR">17311218.74</Amt></Avlbty></Bal><Bal><Tp><CdOrPrtry><Cd>CLBD</Cd></CdOrPrtry></Tp><Amt Ccy="EUR">19314114.37</Amt><Dt><Dt>2024-04-05</Dt></Dt><Avlbty><Amt Ccy="EUR">19313114.37</Amt></Avlbty></Bal><Ntry><NtryRef>REF000003151092</NtryRef><Amt Ccy="EUR">2305998.28</Amt><CdtDbtInd>CRDT</CdtDbtInd><AcctSvcrRef>REF000003165239</AcctSvcrRef><BkTxCd><Prtry><Cd>ATSISK</Cd></Prtry></BkTxCd><NtryDtls><Btch><NbOfTxs>162</NbOfTxs></Btch><TxDtls><Amt Ccy="EUR">2305998.28</Amt></TxDtls></NtryDtls></Ntry><Ntry><NtryRef>REF000003178227</NtryRef><Amt Ccy="EUR">174</Amt><CdtDbtInd>CRDT</CdtDbtInd><AcctSvcrRef>REF000003182605</AcctSvcrRef><BkTxCd><Prtry><Cd>ATSISK</Cd></Prtry></BkTxCd><NtryDtls><Btch><NbOfTxs>1</NbOfTxs></Btch><TxDtls><Amt Ccy="EUR">174</Amt></TxDtls></NtryDtls></Ntry><Ntry><NtryRef>REF000003191331</NtryRef><Amt Ccy="EUR">25000</Amt><CdtDbtInd>DBIT</CdtDbtInd><AcctSvcrRef>REF000003201748</AcctSvcrRef><BkTxCd><Prtry><Cd>ATSISK</Cd></Prtry></BkTxCd><NtryDtls><Btch><NbOfTxs>1</NbOfTxs></Btch><TxDtls><Amt Ccy="EUR">25000</Amt></TxDtls></NtryDtls></Ntry><Ntry><NtryRef>REF000003211734</NtryRef><Amt Ccy="EUR">140673.65</Amt><CdtDbtInd>DBIT</CdtDbtInd><AcctSvcrRef>REF000003229955</AcctSvcrRef><BkTxCd><Prtry><Cd>KLIRNG</Cd></Prtry></BkTxCd><NtryDtls><Btch><NbOfTxs>7</NbOfTxs></Btch><TxDtls><Amt Ccy="EUR">140673.65</Amt></TxDtls></NtryDtls></Ntry><Ntry><NtryRef>REF000003239820</NtryRef><Amt Ccy="EUR">138603</Amt><CdtDbtInd>DBIT</CdtDbtInd><AcctSvcrRef>REF000003249001</AcctSvcrRef><BkTxCd><Prtry><Cd>ATSISK</Cd></Prtry></BkTxCd><NtryDtls><Btch><NbOfTxs>1</NbOfTxs></Btch><TxDtls><Amt Ccy="EUR">138603</Amt></TxDtls></NtryDtls></Ntry></Stmt><Stmt><Id>MSG65767510-KIPSFT</Id><Acct><Id><Othr><Id>LT414319056143772570</Id></Othr></Id><Tp><Prtry>ATSSK2</Prtry></Tp><Ccy>EUR</Ccy><Ownr><Id><OrgId><AnyBIC>DEUTBEB4NDX</AnyBIC></OrgId></Id></Ownr></Acct><Bal><Tp><CdOrPrtry><Cd>OPBD</Cd></CdOrPrtry></Tp><Amt Ccy="EUR">2801.55</Amt><Dt><Dt>2024-04-05</Dt></Dt><Avlbty><Amt Ccy="EUR">2801.55</Amt></Avlbty></Bal><Bal><Tp><CdOrPrtry><Cd>CLBD</Cd></CdOrPrtry></Tp><Amt Ccy="EUR">2801.55</Amt><Dt><Dt>2024-04-05</Dt></Dt><Avlbty><Amt Ccy="EUR">2801.55</Amt></Avlbty></Bal></Stmt></BkToCstmrStmt></Document>
