<?xml version='1.0' encoding='utf-8'?>
<Document xmlns="urn:iso:std:iso:20022:tech:xsd:camt.053.001.08"><BkToCstmrStmt><GrpHdr><MsgId>MSG85943600-MFLMRM</MsgId><CreDtTm>2024-03-28T19:47:22.804+02:00</CreDtTm><MsgPgntn><PgNb>2</PgNb><LastPgInd>true</LastPgInd></MsgPgntn><OrgnlBizQry><MsgId>MSG21954361-MUWMYH</MsgId></OrgnlBizQry></GrpHdr><Stmt><Id>MSG45490151-ZQQWAF</Id><Acct><Id><Othr><Id>LT414319056143772570</Id></Othr></Id><Tp><Prtry>ATSSK2</Prtry></Tp><Ccy>EUR</Ccy><Ownr><Id><OrgId><AnyBIC>DEUTBEB4NDX</AnyBIC></OrgId></Id></Ownr></Acct><Bal><Tp><CdOrPrtry><Cd>OPBD</Cd></CdOrPrtry></Tp><Amt Ccy="EUR">2801.55</Amt><Dt><Dt>2024-03-28</Dt></Dt><Avlbty><Amt Ccy="EUR">2801.55</Amt></Avlbty></Bal><Bal><Tp><CdOrPrtry><Cd>CLBD</Cd></CdOrPrtry></Tp><Amt Ccy="EUR">2801.55</Amt><Dt><Dt>2024-03-28</Dt></Dt><Avlbty><Amt Ccy="EUR">2801.55</Amt></Avlbty></Bal></Stmt><Stmt><Id>MSG17630264-IPYTJZ</Id><Acct><Id><Othr><Id>LT625883379695428516</Id></Othr></Id><Tp><Prtry>ATSISK</Prtry></Tp><Ccy>EUR</Ccy><Ownr><Id><OrgId><AnyBIC>DEUTBEB4NDX</AnyBIC></OrgId></Id></Ownr></Acct><Bal><Tp><CdOrPrtry><Cd>OPBD</Cd></CdOrPrtry></Tp><Amt Ccy="EUR">17775910.67</Amt><Dt><Dt>2024-03-28</Dt></Dt><Avlbty><Amt Ccy="EUR">17774910.67</Amt></Avlbty></Bal><Bal><Tp><CdOrPrtry><Cd>CLBD</Cd></CdOrPrtry></Tp><Amt Ccy="EUR">18080772.11</Amt><Dt><Dt>2024-03-28</Dt></Dt><Avlbty><Amt Ccy="EUR">18079772.11</Amt></Avlbty></Bal><Ntry><NtryRef>REF000002291558</NtryRef><Amt Ccy="EUR">674789</Amt><CdtDbtInd>DBIT</CdtDbtInd><AcctSvcrRef>REF000002303800</AcctSvcrRef><BkTxCd><Prtry><Cd>ATSISK</Cd></Prtry></BkTxCd><NtryDtls><Btch><NbOfTxs>4</NbOfTxs></Btch><TxDtls><Amt Ccy="EUR">674789</Amt></TxDtls></NtryDtls></Ntry><Ntry><NtryRef>REF000002318280</NtryRef><Amt Ccy="EUR">1392</Amt><CdtDbtInd>CRDT</CdtDbtInd><AcctSvcrRef>REF000002321452</AcctSvcrRef><BkTxCd><Prtry><Cd>ATSISK</Cd></Prtry></BkTxCd><NtryDtls><Btch><NbOfTxs>1</NbOfTxs></Btch><TxDtls><Amt Ccy="EUR">1392</Amt></TxDtls></NtryDtls></Ntry><Ntry><NtryRef>REF000002338280</NtryRef><Amt Ccy="EUR">1392</Amt><CdtDbtInd>DBIT</CdtDbtInd><AcctSvcrRef>REF000002341452</AcctSvcrRef><BkTxCd><Prtry><Cd>ATSISK</Cd></Prtry></BkTxCd><NtryDtls><Btch><NbOfTxs>1</NbOfTxs></Btch><TxDtls><Amt Ccy="EUR">1392</Amt></TxDtls></NtryDtls></Ntry><Ntry><NtryRef>REF000002351092</NtryRef><Amt Ccy="EUR">1638684.5</Amt><CdtDbtInd>CRDT</CdtDbtInd><AcctSvcrRef>REF000002365239</AcctSvcrRef><BkTxCd><Prtry><Cd>ATSISK</Cd></Prtry></BkTxCd><NtryDtls><Btch><NbOfTxs>119</NbOfTxs></Btch><TxDtls><Amt Ccy="EUR">1638684.5</Amt></TxDtls></NtryDtls></Ntry><Ntry><NtryRef>REF000002371734</NtryRef><Amt Ccy="EUR">348048.29</Amt><CdtDbtInd>DBIT</CdtDbtInd><AcctSvcrRef>REF000002389955</AcctSvcrRef><BkTxCd><Prtry><Cd>KLIRNG</Cd></Prtry></BkTxCd><NtryDtls><Btch><NbOfTxs>6</NbOfTxs></Btch><TxDtls><Amt Ccy="EUR">348048.29</Amt></TxDtls></NtryDtls></Ntry><Ntry><NtryRef>REF000002395235</NtryRef><Amt Ccy="EUR">364677.7</Amt><CdtDbtInd>DBIT</CdtDbtInd><AcctSvcrRef>REF000002408309</AcctSvcrRef><BkTxCd><Prtry><Cd>ATSISK</Cd></Prtry></BkTxCd><NtryDtls><Btch><NbOfTxs>2</NbOfTxs></Btch><TxDtls><Amt Ccy="EUR">364677.7</Amt></TxDtls></NtryDtls></Ntry><Ntry><NtryRef>REF000002419900</NtryRef><Amt Ccy="EUR">25655</Amt><CdtDbtInd>DBIT</CdtDbtInd><AcctSvcrRef>REF000002429124</AcctSvcrRef><BkTxCd><Prtry><Cd>ATSISK</Cd></Prtry></BkTxCd><NtryDtls><Btch><NbOfTxs>1</NbOfTxs></Btch><TxDtls><Amt Ccy="EUR">25655</Amt></TxDtls></NtryDtls></Ntry><Ntry><NtryRef>REF000002436002</NtryRef><Amt Ccy="EUR">81398</Amt><CdtDbtInd>CRDT</CdtDbtInd><AcctSvcrRef>REF000002449457</AcctSvcrRef><BkTxCd><Prtry><Cd>ATSISK</Cd></Prtry></BkTxCd><NtryDtls><Btch><NbOfTxs>1</NbOfTxs></Btch><TxDtls><Amt Ccy="EUR">81398</Amt></TxDtls></NtryDtls></Ntry><Ntry><NtryRef>REF000002454704</NtryRef><Amt Ccy="EUR">328.93</Amt><CdtDbtInd>CRDT</CdtDbtInd><AcctSvcrRef>REF000002464477</AcctSvcrRef><BkTxCd><Prtry><Cd>ATSISK</Cd></Prtry></BkTxCd><NtryDtls><Btch><NbOfTxs>1</NbOfTxs></Btch><TxDtls><Amt Ccy="EUR">328.93</Amt></TxDtls></NtryDtls></Ntry><Ntry><NtryRef>REF000002474704</NtryRef><Amt Ccy="EUR">2380</Amt><CdtDbtInd>DBIT</CdtDbtInd><AcctSvcrRef>REF000002484477</AcctSvcrRef><BkTxCd><Prtry><Cd>ATSISK</Cd></Prtry></BkTxCd><NtryDtls><Btch><NbOfTxs>1</NbOfTxs></Btch><TxDtls><Amt Ccy="EUR">2380</Amt></TxDtls></NtryDtls></Ntry></Stmt></BkToCstmrStmt></Document>
