<?xml version='1.0' encoding='utf-8'?>
<Document xmlns="urn:iso:std:iso:20022:tech:xsd:camt.053.001.08"><BkToCstmrStmt><GrpHdr><MsgId>MSG85943600-MFLMRM</MsgId><CreDtTm>2024-07-29T19:48:25.685+03:00</CreDtTm><MsgPgntn><PgNb>2</PgNb><LastPgInd>true</LastPgInd></MsgPgntn><OrgnlBizQry><MsgId>MSG79796983-SPPZDT</MsgId></OrgnlBizQry></GrpHdr><Stmt><Id>MSG82801804-MIVHUP</Id><Acct><Id><Othr><Id>LT414319056143772570</Id></Othr></Id><Tp><Prtry>ATSSK2</Prtry></Tp><Ccy>EUR</Ccy><Ownr><Id><OrgId><AnyBIC>DEUTBEB4NDX</AnyBIC></OrgId></Id></Ownr></Acct><Bal><Tp><CdOrPrtry><Cd>OPBD</Cd></CdOrPrtry></Tp><Amt Ccy="EUR">801.55</Amt><Dt><Dt>2024-07-29</Dt></Dt><Avlbty><Amt Ccy="EUR">801.55</Amt></Avlbty></Bal><Bal><Tp><CdOrPrtry><Cd>CLBD</Cd></CdOrPrtry></Tp><Amt Ccy="EUR">801.55</Amt><Dt><Dt>2024-07-29</Dt></Dt><Avlbty><Amt Ccy="EUR">801.55</Amt></Avlbty></Bal></Stmt><Stmt><Id>MSG42107451-KIDDOJ</Id><Acct><Id><Othr><Id>LT625883379695428516</Id></Othr></Id><Tp><Prtry>ATSISK</Prtry></Tp><Ccy>EUR</Ccy><Ownr><Id><OrgId><AnyBIC>DEUTBEB4NDX</AnyBIC></OrgId></Id></Ownr></Acct><Bal><Tp><CdOrPrtry><Cd>OPBD</Cd></CdOrPrtry></Tp><Amt Ccy="EUR">17068900.82</Amt><Dt><Dt>2024-07-29</Dt></Dt><Avlbty><Amt Ccy="EUR">17067900.82</Amt></Avlbty></Bal><Bal><Tp><CdOrPrtry><Cd>CLBD</Cd></CdOrPrtry></Tp><Amt Ccy="EUR">17528709.09</Amt><Dt><Dt>2024-07-29</Dt></Dt><Avlbty><Amt Ccy="EUR">17527709.09</Amt></Avlbty></Bal><Ntry><NtryRef>REF000016157264</NtryRef><Amt Ccy="EUR">2</Amt><CdtDbtInd>DBIT</CdtDbtInd><AcctSvcrRef>REF000016166646</AcctSvcrRef><BkTxCd><Prtry><Cd>ATSISK</Cd></Prtry></BkTxCd><NtryDtls><Btch><NbOfTxs>1</NbOfTxs></Btch><TxDtls><Amt Ccy="EUR">2</Amt></TxDtls></NtryDtls></Ntry><Ntry><NtryRef>REF000016171092</NtryRef><Amt Ccy="EUR">796267.23</Amt><CdtDbtInd>CRDT</CdtDbtInd><AcctSvcrRef>REF000016185239</AcctSvcrRef><BkTxCd><Prtry><Cd>ATSISK</Cd></Prtry></BkTxCd><NtryDtls><Btch><NbOfTxs>302</NbOfTxs></Btch><TxDtls><Amt Ccy="EUR">796267.23</Amt></TxDtls></NtryDtls></Ntry><Ntry><NtryRef>REF000016191734</NtryRef><Amt Ccy="EUR">838922.89</Amt><CdtDbtInd>DBIT</CdtDbtInd><AcctSvcrRef>REF000016209955</AcctSvcrRef><BkTxCd><Prtry><Cd>KLIRNG</Cd></Prtry></BkTxCd><NtryDtls><Btch><NbOfTxs>7</NbOfTxs></Btch><TxDtls><Amt Ccy="EUR">838922.89</Amt></TxDtls></NtryDtls></Ntry><Ntry><NtryRef>REF000016215235</NtryRef><Amt Ccy="EUR">111172</Amt><CdtDbtInd>DBIT</CdtDbtInd><AcctSvcrRef>REF000016228309</AcctSvcrRef><BkTxCd><Prtry><Cd>ATSISK</Cd></Prtry></BkTxCd><NtryDtls><Btch><NbOfTxs>2</NbOfTxs></Btch><TxDtls><Amt Ccy="EUR">111172</Amt></TxDtls></NtryDtls></Ntry><Ntry><NtryRef>REF000016239900</NtryRef><Amt Ccy="EUR">449914.68</Amt><CdtDbtInd>DBIT</CdtDbtInd><AcctSvcrRef>REF000016249124</AcctSvcrRef><BkTxCd><Prtry><Cd>ATSISK</Cd></Prtry></BkTxCd><NtryDtls><Btch><NbOfTxs>4</NbOfTxs></Btch><TxDtls><Amt Ccy="EUR">449914.68</Amt></TxDtls></NtryDtls></Ntry><Ntry><NtryRef>REF000016256002</NtryRef><Amt Ccy="EUR">1004859.48</Amt><CdtDbtInd>CRDT</CdtDbtInd><AcctSvcrRef>REF000016269457</AcctSvcrRef><BkTxCd><Prtry><Cd>ATSISK</Cd></Prtry></BkTxCd><NtryDtls><Btch><NbOfTxs>1</NbOfTxs></Btch><TxDtls><Amt Ccy="EUR">1004859.48</Amt></TxDtls></NtryDtls></Ntry><Ntry><NtryRef>REF000016276776</NtryRef><Amt Ccy="EUR">1.27</Amt><CdtDbtInd>CRDT</CdtDbtInd><AcctSvcrRef>REF000016284080</AcctSvcrRef><BkTxCd><Prtry><Cd>ATSISK</Cd></Prtry></BkTxCd><NtryDtls><Btch><NbOfTxs>1</NbOfTxs></Btch><TxDtls><Amt Ccy="EUR">1.27</Amt></TxDtls></NtryDtls></Ntry><Ntry><NtryRef>REF000016294704</NtryRef><Amt Ccy="EUR">24690</Amt><CdtDbtInd>DBIT</CdtDbtInd><AcctSvcrRef>REF000016304477</AcctSvcrRef><BkTxCd><Prtry><Cd>ATSISK</Cd></Prtry></BkTxCd><NtryDtls><Btch><NbOfTxs>2</NbOfTxs></Btch><TxDtls><Amt Ccy="EUR">24690</Amt></TxDtls></NtryDtls></Ntry><Ntry><NtryRef>REF000016311655</NtryRef><Amt Ccy="EUR">218.14</Amt><CdtDbtInd>DBIT</CdtDbtInd><AcctSvcrRef>REF000016325284</AcctSvcrRef><BkTxCd><Prtry><Cd>ATSISK</Cd></Prtry></BkTxCd><NtryDtls><Btch><NbOfTxs>2</NbOfTxs></Btch><TxDtls><Amt Ccy="EUR">218.14</Amt></TxDtls></NtryDtls></Ntry><Ntry><NtryRef>REF000016339407</NtryRef><Amt Ccy="EUR">7500</Amt><CdtDbtInd>DBIT</CdtDbtInd><AcctSvcrRef>REF000016349658</AcctSvcrRef><BkTxCd><Prtry><Cd>ATSISK</Cd></Prtry></BkTxCd><NtryDtls><Btch><NbOfTxs>1</NbOfTxs></Btch><TxDtls><Amt Ccy="EUR">7500</Amt></TxDtls></NtryDtls></Ntry><Ntry><NtryRef>REF000016357243</NtryRef><Amt Ccy="EUR">91100</Amt><CdtDbtInd>CRDT</CdtDbtInd><AcctSvcrRef>REF000016366477</AcctSvcrRef><BkTxCd><Prtry><Cd>ATSISK</Cd></Prtry></BkTxCd><NtryDtls><Btch><NbOfTxs>1</NbOfTxs></Btch><TxDtls><Amt Ccy="EUR">91100</Amt></TxDtls></NtryDtls></Ntry></Stmt></BkToCstmrStmt></Document>
