<?xml version='1.0' encoding='utf-8'?>
<Document xmlns="urn:iso:std:iso:20022:tech:xsd:camt.053.001.08"><BkToCstmrStmt><GrpHdr><MsgId>MSG85943600-MFLMRM</MsgId><CreDtTm>2024-04-04T19:47:11.537+03:00</CreDtTm><MsgPgntn><PgNb>2</PgNb><LastPgInd>true</LastPgInd></MsgPgntn><OrgnlBizQry><MsgId>MSG71777296-KOLWQI</MsgId></OrgnlBizQry></GrpHdr><Stmt><Id>MSG11643256-EGLZLU</Id><Acct><Id><Othr><Id>LT625883379695428516</Id></Othr></Id><Tp><Prtry>ATSISK</Prtry></Tp><Ccy>EUR</Ccy><Ownr><Id><OrgId><AnyBIC>DEUTBEB4NDX</AnyBIC></OrgId></Id></Ownr></Acct><Bal><Tp><CdOrPrtry><Cd>OPBD</Cd></CdOrPrtry></Tp><Amt Ccy="EUR">20898300.49</Amt><Dt><Dt>2024-04-04</Dt></Dt><Avlbty><Amt Ccy="EUR">20897300.49</Amt></Avlbty></Bal><Bal><Tp><CdOrPrtry><Cd>CLBD</Cd></CdOrPrtry></Tp><Amt Ccy="EUR">17312218.74</Amt><Dt><Dt>2024-04-04</Dt></Dt><Avlbty><Amt Ccy="EUR">17311218.74</Amt></Avlbty></Bal><Ntry><NtryRef>REF000002931558</NtryRef><Amt Ccy="EUR">482040.92</Amt><CdtDbtInd>DBIT</CdtDbtInd><AcctSvcrRef>REF000002943800</AcctSvcrRef><BkTxCd><Prtry><Cd>ATSISK</Cd></Prtry></BkTxCd><NtryDtls><Btch><NbOfTxs>7</NbOfTxs></Btch><TxDtls><Amt Ccy="EUR">482040.92</Amt></TxDtls></NtryDtls></Ntry><Ntry><NtryRef>REF000002959665</NtryRef><Amt Ccy="EUR">150754</Amt><CdtDbtInd>DBIT</CdtDbtInd><AcctSvcrRef>REF000002966020</AcctSvcrRef><BkTxCd><Prtry><Cd>ATSISK</Cd></Prtry></BkTxCd><NtryDtls><Btch><NbOfTxs>2</NbOfTxs></Btch><TxDtls><Amt Ccy="EUR">150754</Amt></TxDtls></NtryDtls></Ntry><Ntry><NtryRef>REF000002971092</NtryRef><Amt Ccy="EUR">824803.41</Amt><CdtDbtInd>CRDT</CdtDbtInd><AcctSvcrRef>REF000002985239</AcctSvcrRef><BkTxCd><Prtry><Cd>ATSISK</Cd></Prtry></BkTxCd><NtryDtls><Btch><NbOfTxs>158</NbOfTxs></Btch><TxDtls><Amt Ccy="EUR">824803.41</Amt></TxDtls></NtryDtls></Ntry><Ntry><NtryRef>REF000002991331</NtryRef><Amt Ccy="EUR">1426</Amt><CdtDbtInd>DBIT</CdtDbtInd><AcctSvcrRef>REF000003001748</AcctSvcrRef><BkTxCd><Prtry><Cd>ATSISK</Cd></Prtry></BkTxCd><NtryDtls><Btch><NbOfTxs>2</NbOfTxs></Btch><TxDtls><Amt Ccy="EUR">1426</Amt></TxDtls></NtryDtls></Ntry><Ntry><NtryRef>REF000003011734</NtryRef><Amt Ccy="EUR">190993.65</Amt><CdtDbtInd>DBIT</CdtDbtInd><AcctSvcrRef>REF000003029955</AcctSvcrRef><BkTxCd><Prtry><Cd>KLIRNG</Cd></Prtry></BkTxCd><NtryDtls><Btch><NbOfTxs>6</NbOfTxs></Btch><TxDtls><Amt Ccy="EUR">190993.65</Amt></TxDtls></NtryDtls></Ntry><Ntry><NtryRef>REF000003035235</NtryRef><Amt Ccy="EUR">1729160.11</Amt><CdtDbtInd>DBIT</CdtDbtInd><AcctSvcrRef>REF000003048309</AcctSvcrRef><BkTxCd><Prtry><Cd>ATSISK</Cd></Prtry></BkTxCd><NtryDtls><Btch><NbOfTxs>4</NbOfTxs></Btch><TxDtls><Amt Ccy="EUR">1729160.11</Amt></TxDtls></NtryDtls></Ntry><Ntry><NtryRef>REF000003059820</NtryRef><Amt Ccy="EUR">360536.16</Amt><CdtDbtInd>DBIT</CdtDbtInd><AcctSvcrRef>REF000003069001</AcctSvcrRef><BkTxCd><Prtry><Cd>ATSISK</Cd></Prtry></BkTxCd><NtryDtls><Btch><NbOfTxs>1</NbOfTxs></Btch><TxDtls><Amt Ccy="EUR">360536.16</Amt></TxDtls></NtryDtls></Ntry><Ntry><NtryRef>REF000003079900</NtryRef><Amt Ccy="EUR">1080897.82</Amt><CdtDbtInd>DBIT</CdtDbtInd><AcctSvcrRef>REF000003089124</AcctSvcrRef><BkTxCd><Prtry><Cd>ATSISK</Cd></Prtry></BkTxCd><NtryDtls><Btch><NbOfTxs>7</NbOfTxs></Btch><TxDtls><Amt Ccy="EUR">1080897.82</Amt></TxDtls></NtryDtls></Ntry><Ntry><NtryRef>REF000003092615</NtryRef><Amt Ccy="EUR">61267.92</Amt><CdtDbtInd>DBIT</CdtDbtInd><AcctSvcrRef>REF000003107676</AcctSvcrRef><BkTxCd><Prtry><Cd>ATSISK</Cd></Prtry></BkTxCd><NtryDtls><Btch><NbOfTxs>1</NbOfTxs></Btch><TxDtls><Amt Ccy="EUR">61267.92</Amt></TxDtls></NtryDtls></Ntry><Ntry><NtryRef>REF000003111655</NtryRef><Amt Ccy="EUR">10</Amt><CdtDbtInd>DBIT</CdtDbtInd><AcctSvcrRef>REF000003125284</AcctSvcrRef><BkTxCd><Prtry><Cd>ATSISK</Cd></Prtry></BkTxCd><NtryDtls><Btch><NbOfTxs>1</NbOfTxs></Btch><TxDtls><Amt Ccy="EUR">10</Amt></TxDtls></NtryDtls></Ntry><Ntry><NtryRef>REF000003137801</NtryRef><Amt Ccy="EUR">353798.58</Amt><CdtDbtInd>DBIT</CdtDbtInd><AcctSvcrRef>REF000003143721</AcctSvcrRef><BkTxCd><Prtry><Cd>ATSISK</Cd></Prtry></BkTxCd><NtryDtls><Btch><NbOfTxs>1</NbOfTxs></Btch><TxDtls><Amt Ccy="EUR">353798.58</Amt></TxDtls></NtryDtls></Ntry></Stmt><Stmt><Id>MSG22500053-GVJPED</Id><Acct><Id><Othr><Id>LT414319056143772570</Id></Othr></Id><Tp><Prtry>ATSSK2</Prtry></Tp><Ccy>EUR</Ccy><Ownr><Id><OrgId><AnyBIC>DEUTBEB4NDX</AnyBIC></OrgId></Id></Ownr></Acct><Bal><Tp><CdOrPrtry><Cd>OPBD</Cd></CdOrPrtry></Tp><Amt Ccy="EUR">2801.55</Amt><Dt><Dt>2024-04-04</Dt></Dt><Avlbty><Amt Ccy="EUR">2801.55</Amt></Avlbty></Bal><Bal><Tp><CdOrPrtry><Cd>CLBD</Cd></CdOrPrtry></Tp><Amt Ccy="EUR">2801.55</Amt><Dt><Dt>2024-04-04</Dt></Dt><Avlbty><Amt Ccy="EUR">2801.55</Amt></Avlbty></Bal></Stmt></BkToCstmrStmt></Document>
