<?xml version='1.0' encoding='utf-8'?>
<Document xmlns="urn:iso:std:iso:20022:tech:xsd:camt.053.001.08"><BkToCstmrStmt><GrpHdr><MsgId>MSG85943600-MFLMRM</MsgId><CreDtTm>2024-08-01T19:47:29.121+03:00</CreDtTm><MsgPgntn><PgNb>2</PgNb><LastPgInd>true</LastPgInd></MsgPgntn><OrgnlBizQry><MsgId>MSG20512840-YOHEPK</MsgId></OrgnlBizQry></GrpHdr><Stmt><Id>MSG37363815-EODFWE</Id><Acct><Id><Othr><Id>LT414319056143772570</Id></Othr></Id><Tp><Prtry>ATSSK2</Prtry></Tp><Ccy>EUR</Ccy><Ownr><Id><OrgId><AnyBIC>DEUTBEB4NDX</AnyBIC></OrgId></Id></Ownr></Acct><Bal><Tp><CdOrPrtry><Cd>OPBD</Cd></CdOrPrtry></Tp><Amt Ccy="EUR">801.55</Amt><Dt><Dt>2024-08-01</Dt></Dt><Avlbty><Amt Ccy="EUR">801.55</Amt></Avlbty></Bal><Bal><Tp><CdOrPrtry><Cd>CLBD</Cd></CdOrPrtry></Tp><Amt Ccy="EUR">801.55</Amt><Dt><Dt>2024-08-01</Dt></Dt><Avlbty><Amt Ccy="EUR">801.55</Amt></Avlbty></Bal></Stmt><Stmt><Id>MSG83713691-FYIBMS</Id><Acct><Id><Othr><Id>LT625883379695428516</Id></Othr></Id><Tp><Prtry>ATSISK</Prtry></Tp><Ccy>EUR</Ccy><Ownr><Id><OrgId><AnyBIC>DEUTBEB4NDX</AnyBIC></OrgId></Id></Ownr></Acct><Bal><Tp><CdOrPrtry><Cd>OPBD</Cd></CdOrPrtry></Tp><Amt Ccy="EUR">17866124.08</Amt><Dt><Dt>2024-08-01</Dt></Dt><Avlbty><Amt Ccy="EUR">17865124.08</Amt></Avlbty></Bal><Bal><Tp><CdOrPrtry><Cd>CLBD</Cd></CdOrPrtry></Tp><Amt Ccy="EUR">18552021.98</Amt><Dt><Dt>2024-08-01</Dt></Dt><Avlbty><Amt Ccy="EUR">18551021.98</Amt></Avlbty></Bal><Ntry><NtryRef>REF000016631092</NtryRef><Amt Ccy="EUR">982231.42</Amt><CdtDbtInd>CRDT</CdtDbtInd><AcctSvcrRef>REF000016645239</AcctSvcrRef><BkTxCd><Prtry><Cd>ATSISK</Cd></Prtry></BkTxCd><NtryDtls><Btch><NbOfTxs>258</NbOfTxs></Btch><TxDtls><Amt Ccy="EUR">982231.42</Amt></TxDtls></NtryDtls></Ntry><Ntry><NtryRef>REF000016651734</NtryRef><Amt Ccy="EUR">77613.27</Amt><CdtDbtInd>DBIT</CdtDbtInd><AcctSvcrRef>REF000016669955</AcctSvcrRef><BkTxCd><Prtry><Cd>KLIRNG</Cd></Prtry></BkTxCd><NtryDtls><Btch><NbOfTxs>5</NbOfTxs></Btch><TxDtls><Amt Ccy="EUR">77613.27</Amt></TxDtls></NtryDtls></Ntry><Ntry><NtryRef>REF000016675235</NtryRef><Amt Ccy="EUR">187576.24</Amt><CdtDbtInd>DBIT</CdtDbtInd><AcctSvcrRef>REF000016688309</AcctSvcrRef><BkTxCd><Prtry><Cd>ATSISK</Cd></Prtry></BkTxCd><NtryDtls><Btch><NbOfTxs>1</NbOfTxs></Btch><TxDtls><Amt Ccy="EUR">187576.24</Amt></TxDtls></NtryDtls></Ntry><Ntry><NtryRef>REF000016694704</NtryRef><Amt Ccy="EUR">26600</Amt><CdtDbtInd>DBIT</CdtDbtInd><AcctSvcrRef>REF000016704477</AcctSvcrRef><BkTxCd><Prtry><Cd>ATSISK</Cd></Prtry></BkTxCd><NtryDtls><Btch><NbOfTxs>2</NbOfTxs></Btch><TxDtls><Amt Ccy="EUR">26600</Amt></TxDtls></NtryDtls></Ntry><Ntry><NtryRef>REF000016717974</NtryRef><Amt Ccy="EUR">4049.01</Amt><CdtDbtInd>DBIT</CdtDbtInd><AcctSvcrRef>REF000016724622</AcctSvcrRef><BkTxCd><Prtry><Cd>ATSISK</Cd></Prtry></BkTxCd><NtryDtls><Btch><NbOfTxs>1</NbOfTxs></Btch><TxDtls><Amt Ccy="EUR">4049.01</Amt></TxDtls></NtryDtls></Ntry><Ntry><NtryRef>REF000016731655</NtryRef><Amt Ccy="EUR">495</Amt><CdtDbtInd>DBIT</CdtDbtInd><AcctSvcrRef>REF000016745284</AcctSvcrRef><BkTxCd><Prtry><Cd>ATSISK</Cd></Prtry></BkTxCd><NtryDtls><Btch><NbOfTxs>1</NbOfTxs></Btch><TxDtls><Amt Ccy="EUR">495</Amt></TxDtls></NtryDtls></Ntry></Stmt></BkToCstmrStmt></Document>
