<?xml version='1.0' encoding='utf-8'?>
<Document xmlns="urn:iso:std:iso:20022:tech:xsd:camt.053.001.08"><BkToCstmrStmt><GrpHdr><MsgId>MSG85943600-MFLMRM</MsgId><CreDtTm>2024-06-25T19:47:18.379+03:00</CreDtTm><MsgPgntn><PgNb>2</PgNb><LastPgInd>true</LastPgInd></MsgPgntn><OrgnlBizQry><MsgId>MSG56214497-IKHCJQ</MsgId></OrgnlBizQry></GrpHdr><Stmt><Id>MSG49407607-MOGSTE</Id><Acct><Id><Othr><Id>LT625883379695428516</Id></Othr></Id><Tp><Prtry>ATSISK</Prtry></Tp><Ccy>EUR</Ccy><Ownr><Id><OrgId><AnyBIC>DEUTBEB4NDX</AnyBIC></OrgId></Id></Ownr></Acct><Bal><Tp><CdOrPrtry><Cd>OPBD</Cd></CdOrPrtry></Tp><Amt Ccy="EUR">20260005.33</Amt><Dt><Dt>2024-06-25</Dt></Dt><Avlbty><Amt Ccy="EUR">20259005.33</Amt></Avlbty></Bal><Bal><Tp><CdOrPrtry><Cd>CLBD</Cd></CdOrPrtry></Tp><Amt Ccy="EUR">20688454.26</Amt><Dt><Dt>2024-06-25</Dt></Dt><Avlbty><Amt Ccy="EUR">20687454.26</Amt></Avlbty></Bal><Ntry><NtryRef>REF000012277264</NtryRef><Amt Ccy="EUR">1</Amt><CdtDbtInd>CRDT</CdtDbtInd><AcctSvcrRef>REF000012286646</AcctSvcrRef><BkTxCd><Prtry><Cd>ATSISK</Cd></Prtry></BkTxCd><NtryDtls><Btch><NbOfTxs>1</NbOfTxs></Btch><TxDtls><Amt Ccy="EUR">1</Amt></TxDtls></NtryDtls></Ntry><Ntry><NtryRef>REF000012291092</NtryRef><Amt Ccy="EUR">1338352.09</Amt><CdtDbtInd>CRDT</CdtDbtInd><AcctSvcrRef>REF000012305239</AcctSvcrRef><BkTxCd><Prtry><Cd>ATSISK</Cd></Prtry></BkTxCd><NtryDtls><Btch><NbOfTxs>211</NbOfTxs></Btch><TxDtls><Amt Ccy="EUR">1338352.09</Amt></TxDtls></NtryDtls></Ntry><Ntry><NtryRef>REF000012311734</NtryRef><Amt Ccy="EUR">1245978.43</Amt><CdtDbtInd>DBIT</CdtDbtInd><AcctSvcrRef>REF000012329955</AcctSvcrRef><BkTxCd><Prtry><Cd>KLIRNG</Cd></Prtry></BkTxCd><NtryDtls><Btch><NbOfTxs>7</NbOfTxs></Btch><TxDtls><Amt Ccy="EUR">1245978.43</Amt></TxDtls></NtryDtls></Ntry><Ntry><NtryRef>REF000012335235</NtryRef><Amt Ccy="EUR">394330</Amt><CdtDbtInd>DBIT</CdtDbtInd><AcctSvcrRef>REF000012348309</AcctSvcrRef><BkTxCd><Prtry><Cd>ATSISK</Cd></Prtry></BkTxCd><NtryDtls><Btch><NbOfTxs>8</NbOfTxs></Btch><TxDtls><Amt Ccy="EUR">394330</Amt></TxDtls></NtryDtls></Ntry><Ntry><NtryRef>REF000012359900</NtryRef><Amt Ccy="EUR">69426</Amt><CdtDbtInd>DBIT</CdtDbtInd><AcctSvcrRef>REF000012369124</AcctSvcrRef><BkTxCd><Prtry><Cd>ATSISK</Cd></Prtry></BkTxCd><NtryDtls><Btch><NbOfTxs>4</NbOfTxs></Btch><TxDtls><Amt Ccy="EUR">69426</Amt></TxDtls></NtryDtls></Ntry><Ntry><NtryRef>REF000012376002</NtryRef><Amt Ccy="EUR">855670</Amt><CdtDbtInd>CRDT</CdtDbtInd><AcctSvcrRef>REF000012389457</AcctSvcrRef><BkTxCd><Prtry><Cd>ATSISK</Cd></Prtry></BkTxCd><NtryDtls><Btch><NbOfTxs>1</NbOfTxs></Btch><TxDtls><Amt Ccy="EUR">855670</Amt></TxDtls></NtryDtls></Ntry><Ntry><NtryRef>REF000012396776</NtryRef><Amt Ccy="EUR">1.6</Amt><CdtDbtInd>CRDT</CdtDbtInd><AcctSvcrRef>REF000012404080</AcctSvcrRef><BkTxCd><Prtry><Cd>ATSISK</Cd></Prtry></BkTxCd><NtryDtls><Btch><NbOfTxs>1</NbOfTxs></Btch><TxDtls><Amt Ccy="EUR">1.6</Amt></TxDtls></NtryDtls></Ntry><Ntry><NtryRef>REF000012414704</NtryRef><Amt Ccy="EUR">54236.68</Amt><CdtDbtInd>DBIT</CdtDbtInd><AcctSvcrRef>REF000012424477</AcctSvcrRef><BkTxCd><Prtry><Cd>ATSISK</Cd></Prtry></BkTxCd><NtryDtls><Btch><NbOfTxs>2</NbOfTxs></Btch><TxDtls><Amt Ccy="EUR">54236.68</Amt></TxDtls></NtryDtls></Ntry><Ntry><NtryRef>REF000012431655</NtryRef><Amt Ccy="EUR">1620.65</Amt><CdtDbtInd>DBIT</CdtDbtInd><AcctSvcrRef>REF000012445284</AcctSvcrRef><BkTxCd><Prtry><Cd>ATSISK</Cd></Prtry></BkTxCd><NtryDtls><Btch><NbOfTxs>1</NbOfTxs></Btch><TxDtls><Amt Ccy="EUR">1620.65</Amt></TxDtls></NtryDtls></Ntry><Ntry><NtryRef>REF000012452845</NtryRef><Amt Ccy="EUR">16</Amt><CdtDbtInd>CRDT</CdtDbtInd><AcctSvcrRef>REF000012462208</AcctSvcrRef><BkTxCd><Prtry><Cd>ATSISK</Cd></Prtry></BkTxCd><NtryDtls><Btch><NbOfTxs>1</NbOfTxs></Btch><TxDtls><Amt Ccy="EUR">16</Amt></TxDtls></NtryDtls></Ntry></Stmt><Stmt><Id>MSG78584637-WTTEOG</Id><Acct><Id><Othr><Id>LT414319056143772570</Id></Othr></Id><Tp><Prtry>ATSSK2</Prtry></Tp><Ccy>EUR</Ccy><Ownr><Id><OrgId><AnyBIC>DEUTBEB4NDX</AnyBIC></OrgId></Id></Ownr></Acct><Bal><Tp><CdOrPrtry><Cd>OPBD</Cd></CdOrPrtry></Tp><Amt Ccy="EUR">801.55</Amt><Dt><Dt>2024-06-25</Dt></Dt><Avlbty><Amt Ccy="EUR">801.55</Amt></Avlbty></Bal><Bal><Tp><CdOrPrtry><Cd>CLBD</Cd></CdOrPrtry></Tp><Amt Ccy="EUR">801.55</Amt><Dt><Dt>2024-06-25</Dt></Dt><Avlbty><Amt Ccy="EUR">801.55</Amt></Avlbty></Bal></Stmt></BkToCstmrStmt></Document>
