<?xml version='1.0' encoding='utf-8'?>
<Document xmlns="urn:iso:std:iso:20022:tech:xsd:camt.053.001.08"><BkToCstmrStmt><GrpHdr><MsgId>MSG85943600-MFLMRM</MsgId><CreDtTm>2024-04-30T19:46:33.497+03:00</CreDtTm><MsgPgntn><PgNb>2</PgNb><LastPgInd>true</LastPgInd></MsgPgntn><OrgnlBizQry><MsgId>MSG59498091-DVWUIL</MsgId></OrgnlBizQry></GrpHdr><Stmt><Id>MSG57894394-APUDSZ</Id><Acct><Id><Othr><Id>LT625883379695428516</Id></Othr></Id><Tp><Prtry>ATSISK</Prtry></Tp><Ccy>EUR</Ccy><Ownr><Id><OrgId><AnyBIC>DEUTBEB4NDX</AnyBIC></OrgId></Id></Ownr></Acct><Bal><Tp><CdOrPrtry><Cd>OPBD</Cd></CdOrPrtry></Tp><Amt Ccy="EUR">16711417.67</Amt><Dt><Dt>2024-04-30</Dt></Dt><Avlbty><Amt Ccy="EUR">16710417.67</Amt></Avlbty></Bal><Bal><Tp><CdOrPrtry><Cd>CLBD</Cd></CdOrPrtry></Tp><Amt Ccy="EUR">17484138.64</Amt><Dt><Dt>2024-04-30</Dt></Dt><Avlbty><Amt Ccy="EUR">17483138.64</Amt></Avlbty></Bal><Ntry><NtryRef>REF000005718280</NtryRef><Amt Ccy="EUR">38.04</Amt><CdtDbtInd>CRDT</CdtDbtInd><AcctSvcrRef>REF000005721452</AcctSvcrRef><BkTxCd><Prtry><Cd>ATSISK</Cd></Prtry></BkTxCd><NtryDtls><Btch><NbOfTxs>2</NbOfTxs></Btch><TxDtls><Amt Ccy="EUR">38.04</Amt></TxDtls></NtryDtls></Ntry><Ntry><NtryRef>REF000005739665</NtryRef><Amt Ccy="EUR">965</Amt><CdtDbtInd>DBIT</CdtDbtInd><AcctSvcrRef>REF000005746020</AcctSvcrRef><BkTxCd><Prtry><Cd>ATSISK</Cd></Prtry></BkTxCd><NtryDtls><Btch><NbOfTxs>1</NbOfTxs></Btch><TxDtls><Amt Ccy="EUR">965</Amt></TxDtls></NtryDtls></Ntry><Ntry><NtryRef>REF000005751092</NtryRef><Amt Ccy="EUR">1922426.89</Amt><CdtDbtInd>CRDT</CdtDbtInd><AcctSvcrRef>REF000005765239</AcctSvcrRef><BkTxCd><Prtry><Cd>ATSISK</Cd></Prtry></BkTxCd><NtryDtls><Btch><NbOfTxs>210</NbOfTxs></Btch><TxDtls><Amt Ccy="EUR">1922426.89</Amt></TxDtls></NtryDtls></Ntry><Ntry><NtryRef>REF000005771331</NtryRef><Amt Ccy="EUR">787</Amt><CdtDbtInd>DBIT</CdtDbtInd><AcctSvcrRef>REF000005781748</AcctSvcrRef><BkTxCd><Prtry><Cd>ATSISK</Cd></Prtry></BkTxCd><NtryDtls><Btch><NbOfTxs>1</NbOfTxs></Btch><TxDtls><Amt Ccy="EUR">787</Amt></TxDtls></NtryDtls></Ntry><Ntry><NtryRef>REF000005791734</NtryRef><Amt Ccy="EUR">325794.95</Amt><CdtDbtInd>DBIT</CdtDbtInd><AcctSvcrRef>REF000005809955</AcctSvcrRef><BkTxCd><Prtry><Cd>KLIRNG</Cd></Prtry></BkTxCd><NtryDtls><Btch><NbOfTxs>7</NbOfTxs></Btch><TxDtls><Amt Ccy="EUR">325794.95</Amt></TxDtls></NtryDtls></Ntry><Ntry><NtryRef>REF000005815235</NtryRef><Amt Ccy="EUR">597717</Amt><CdtDbtInd>DBIT</CdtDbtInd><AcctSvcrRef>REF000005828309</AcctSvcrRef><BkTxCd><Prtry><Cd>ATSISK</Cd></Prtry></BkTxCd><NtryDtls><Btch><NbOfTxs>3</NbOfTxs></Btch><TxDtls><Amt Ccy="EUR">597717</Amt></TxDtls></NtryDtls></Ntry><Ntry><NtryRef>REF000005839900</NtryRef><Amt Ccy="EUR">1949</Amt><CdtDbtInd>DBIT</CdtDbtInd><AcctSvcrRef>REF000005849124</AcctSvcrRef><BkTxCd><Prtry><Cd>ATSISK</Cd></Prtry></BkTxCd><NtryDtls><Btch><NbOfTxs>1</NbOfTxs></Btch><TxDtls><Amt Ccy="EUR">1949</Amt></TxDtls></NtryDtls></Ntry><Ntry><NtryRef>REF000005856050</NtryRef><Amt Ccy="EUR">220020.01</Amt><CdtDbtInd>DBIT</CdtDbtInd><AcctSvcrRef>REF000005861303</AcctSvcrRef><BkTxCd><Prtry><Cd>ATSISK</Cd></Prtry></BkTxCd><NtryDtls><Btch><NbOfTxs>1</NbOfTxs></Btch><TxDtls><Amt Ccy="EUR">220020.01</Amt></TxDtls></NtryDtls></Ntry><Ntry><NtryRef>REF000005874093</NtryRef><Amt Ccy="EUR">2511</Amt><CdtDbtInd>DBIT</CdtDbtInd><AcctSvcrRef>REF000005883955</AcctSvcrRef><BkTxCd><Prtry><Cd>ATSISK</Cd></Prtry></BkTxCd><NtryDtls><Btch><NbOfTxs>1</NbOfTxs></Btch><TxDtls><Amt Ccy="EUR">2511</Amt></TxDtls></NtryDtls></Ntry></Stmt><Stmt><Id>MSG32316876-ESIJFL</Id><Acct><Id><Othr><Id>LT414319056143772570</Id></Othr></Id><Tp><Prtry>ATSSK2</Prtry></Tp><Ccy>EUR</Ccy><Ownr><Id><OrgId><AnyBIC>DEUTBEB4NDX</AnyBIC></OrgId></Id></Ownr></Acct><Bal><Tp><CdOrPrtry><Cd>OPBD</Cd></CdOrPrtry></Tp><Amt Ccy="EUR">801.55</Amt><Dt><Dt>2024-04-30</Dt></Dt><Avlbty><Amt Ccy="EUR">801.55</Amt></Avlbty></Bal><Bal><Tp><CdOrPrtry><Cd>CLBD</Cd></CdOrPrtry></Tp><Amt Ccy="EUR">801.55</Amt><Dt><Dt>2024-04-30</Dt></Dt><Avlbty><Amt Ccy="EUR">801.55</Amt></Avlbty></Bal></Stmt></BkToCstmrStmt></Document>
