<?xml version='1.0' encoding='utf-8'?>
<Document xmlns="urn:iso:std:iso:20022:tech:xsd:camt.053.001.08"><BkToCstmrStmt><GrpHdr><MsgId>MSG85943600-MFLMRM</MsgId><CreDtTm>2024-08-26T19:48:22.866+03:00</CreDtTm><MsgPgntn><PgNb>2</PgNb><LastPgInd>true</LastPgInd></MsgPgntn><OrgnlBizQry><MsgId>MSG76739190-RUUCMX</MsgId></OrgnlBizQry></GrpHdr><Stmt><Id>MSG90741302-BPZAMP</Id><Acct><Id><Othr><Id>LT414319056143772570</Id></Othr></Id><Tp><Prtry>ATSSK2</Prtry></Tp><Ccy>EUR</Ccy><Ownr><Id><OrgId><AnyBIC>DEUTBEB4NDX</AnyBIC></OrgId></Id></Ownr></Acct><Bal><Tp><CdOrPrtry><Cd>OPBD</Cd></CdOrPrtry></Tp><Amt Ccy="EUR">801.55</Amt><Dt><Dt>2024-08-26</Dt></Dt><Avlbty><Amt Ccy="EUR">801.55</Amt></Avlbty></Bal><Bal><Tp><CdOrPrtry><Cd>CLBD</Cd></CdOrPrtry></Tp><Amt Ccy="EUR">801.55</Amt><Dt><Dt>2024-08-26</Dt></Dt><Avlbty><Amt Ccy="EUR">801.55</Amt></Avlbty></Bal></Stmt><Stmt><Id>MSG54636543-HKDJPF</Id><Acct><Id><Othr><Id>LT625883379695428516</Id></Othr></Id><Tp><Prtry>ATSISK</Prtry></Tp><Ccy>EUR</Ccy><Ownr><Id><OrgId><AnyBIC>DEUTBEB4NDX</AnyBIC></OrgId></Id></Ownr></Acct><Bal><Tp><CdOrPrtry><Cd>OPBD</Cd></CdOrPrtry></Tp><Amt Ccy="EUR">14486455.38</Amt><Dt><Dt>2024-08-26</Dt></Dt><Avlbty><Amt Ccy="EUR">14485455.38</Amt></Avlbty></Bal><Bal><Tp><CdOrPrtry><Cd>CLBD</Cd></CdOrPrtry></Tp><Amt Ccy="EUR">13889752.91</Amt><Dt><Dt>2024-08-26</Dt></Dt><Avlbty><Amt Ccy="EUR">13888752.91</Amt></Avlbty></Bal><Ntry><NtryRef>REF000019411092</NtryRef><Amt Ccy="EUR">275657.32</Amt><CdtDbtInd>CRDT</CdtDbtInd><AcctSvcrRef>REF000019425239</AcctSvcrRef><BkTxCd><Prtry><Cd>ATSISK</Cd></Prtry></BkTxCd><NtryDtls><Btch><NbOfTxs>254</NbOfTxs></Btch><TxDtls><Amt Ccy="EUR">275657.32</Amt></TxDtls></NtryDtls></Ntry><Ntry><NtryRef>REF000019431734</NtryRef><Amt Ccy="EUR">348562.72</Amt><CdtDbtInd>DBIT</CdtDbtInd><AcctSvcrRef>REF000019449955</AcctSvcrRef><BkTxCd><Prtry><Cd>KLIRNG</Cd></Prtry></BkTxCd><NtryDtls><Btch><NbOfTxs>6</NbOfTxs></Btch><TxDtls><Amt Ccy="EUR">348562.72</Amt></TxDtls></NtryDtls></Ntry><Ntry><NtryRef>REF000019455235</NtryRef><Amt Ccy="EUR">447623.94</Amt><CdtDbtInd>DBIT</CdtDbtInd><AcctSvcrRef>REF000019468309</AcctSvcrRef><BkTxCd><Prtry><Cd>ATSISK</Cd></Prtry></BkTxCd><NtryDtls><Btch><NbOfTxs>3</NbOfTxs></Btch><TxDtls><Amt Ccy="EUR">447623.94</Amt></TxDtls></NtryDtls></Ntry><Ntry><NtryRef>REF000019479900</NtryRef><Amt Ccy="EUR">67520</Amt><CdtDbtInd>DBIT</CdtDbtInd><AcctSvcrRef>REF000019489124</AcctSvcrRef><BkTxCd><Prtry><Cd>ATSISK</Cd></Prtry></BkTxCd><NtryDtls><Btch><NbOfTxs>13</NbOfTxs></Btch><TxDtls><Amt Ccy="EUR">67520</Amt></TxDtls></NtryDtls></Ntry><Ntry><NtryRef>REF000019491655</NtryRef><Amt Ccy="EUR">8653.13</Amt><CdtDbtInd>DBIT</CdtDbtInd><AcctSvcrRef>REF000019505284</AcctSvcrRef><BkTxCd><Prtry><Cd>ATSISK</Cd></Prtry></BkTxCd><NtryDtls><Btch><NbOfTxs>1</NbOfTxs></Btch><TxDtls><Amt Ccy="EUR">8653.13</Amt></TxDtls></NtryDtls></Ntry></Stmt></BkToCstmrStmt></Document>
