<?xml version='1.0' encoding='utf-8'?>
<Document xmlns="urn:iso:std:iso:20022:tech:xsd:camt.053.001.08"><BkToCstmrStmt><GrpHdr><MsgId>MSG85943600-MFLMRM</MsgId><CreDtTm>2024-09-06T19:46:22.606+03:00</CreDtTm><MsgPgntn><PgNb>1</PgNb><LastPgInd>true</LastPgInd></MsgPgntn><OrgnlBizQry><MsgId>MSG77901647-OVNVEU</MsgId></OrgnlBizQry></GrpHdr><Stmt><Id>MSG74055243-WZICGZ</Id><Acct><Id><Othr><Id>LT625883379695428516</Id></Othr></Id><Tp><Prtry>ATSISK</Prtry></Tp><Ccy>EUR</Ccy><Ownr><Id><OrgId><AnyBIC>DEUTBEB4NDX</AnyBIC></OrgId></Id></Ownr></Acct><Bal><Tp><CdOrPrtry><Cd>OPBD</Cd></CdOrPrtry></Tp><Amt Ccy="EUR">17944385.97</Amt><Dt><Dt>2024-09-06</Dt></Dt><Avlbty><Amt Ccy="EUR">17943385.97</Amt></Avlbty></Bal><Bal><Tp><CdOrPrtry><Cd>CLBD</Cd></CdOrPrtry></Tp><Amt Ccy="EUR">20149316.33</Amt><Dt><Dt>2024-09-06</Dt></Dt><Avlbty><Amt Ccy="EUR">20148316.33</Amt></Avlbty></Bal><Ntry><NtryRef>REF000020757264</NtryRef><Amt Ccy="EUR">5301</Amt><CdtDbtInd>CRDT</CdtDbtInd><AcctSvcrRef>REF000020766646</AcctSvcrRef><BkTxCd><Prtry><Cd>ATSISK</Cd></Prtry></BkTxCd><NtryDtls><Btch><NbOfTxs>3</NbOfTxs></Btch><TxDtls><Amt Ccy="EUR">5301</Amt></TxDtls></NtryDtls></Ntry><Ntry><NtryRef>REF000020779665</NtryRef><Amt Ccy="EUR">89724.61</Amt><CdtDbtInd>DBIT</CdtDbtInd><AcctSvcrRef>REF000020786020</AcctSvcrRef><BkTxCd><Prtry><Cd>ATSISK</Cd></Prtry></BkTxCd><NtryDtls><Btch><NbOfTxs>1</NbOfTxs></Btch><TxDtls><Amt Ccy="EUR">89724.61</Amt></TxDtls></NtryDtls></Ntry><Ntry><NtryRef>REF000020791092</NtryRef><Amt Ccy="EUR">2452010.04</Amt><CdtDbtInd>CRDT</CdtDbtInd><AcctSvcrRef>REF000020805239</AcctSvcrRef><BkTxCd><Prtry><Cd>ATSISK</Cd></Prtry></BkTxCd><NtryDtls><Btch><NbOfTxs>203</NbOfTxs></Btch><TxDtls><Amt Ccy="EUR">2452010.04</Amt></TxDtls></NtryDtls></Ntry><Ntry><NtryRef>REF000020811734</NtryRef><Amt Ccy="EUR">162656.07</Amt><CdtDbtInd>DBIT</CdtDbtInd><AcctSvcrRef>REF000020829955</AcctSvcrRef><BkTxCd><Prtry><Cd>KLIRNG</Cd></Prtry></BkTxCd><NtryDtls><Btch><NbOfTxs>7</NbOfTxs></Btch><TxDtls><Amt Ccy="EUR">162656.07</Amt></TxDtls></NtryDtls></Ntry></Stmt></BkToCstmrStmt></Document>
