<?xml version='1.0' encoding='utf-8'?>
<Document xmlns="urn:iso:std:iso:20022:tech:xsd:camt.053.001.08"><BkToCstmrStmt><GrpHdr><MsgId>MSG85943600-MFLMRM</MsgId><CreDtTm>2024-06-26T19:47:18.893+03:00</CreDtTm><MsgPgntn><PgNb>2</PgNb><LastPgInd>true</LastPgInd></MsgPgntn><OrgnlBizQry><MsgId>MSG91623217-SQYNNS</MsgId></OrgnlBizQry></GrpHdr><Stmt><Id>MSG94160713-QVRHBK</Id><Acct><Id><Othr><Id>LT625883379695428516</Id></Othr></Id><Tp><Prtry>ATSISK</Prtry></Tp><Ccy>EUR</Ccy><Ownr><Id><OrgId><AnyBIC>DEUTBEB4NDX</AnyBIC></OrgId></Id></Ownr></Acct><Bal><Tp><CdOrPrtry><Cd>OPBD</Cd></CdOrPrtry></Tp><Amt Ccy="EUR">20688454.26</Amt><Dt><Dt>2024-06-26</Dt></Dt><Avlbty><Amt Ccy="EUR">20687454.26</Amt></Avlbty></Bal><Bal><Tp><CdOrPrtry><Cd>CLBD</Cd></CdOrPrtry></Tp><Amt Ccy="EUR">23604685.02</Amt><Dt><Dt>2024-06-26</Dt></Dt><Avlbty><Amt Ccy="EUR">23603685.02</Amt></Avlbty></Bal><Ntry><NtryRef>REF000012475215</NtryRef><Amt Ccy="EUR">4400</Amt><CdtDbtInd>CRDT</CdtDbtInd><AcctSvcrRef>REF000012482846</AcctSvcrRef><BkTxCd><Prtry><Cd>ATSISK</Cd></Prtry></BkTxCd><NtryDtls><Btch><NbOfTxs>1</NbOfTxs></Btch><TxDtls><Amt Ccy="EUR">4400</Amt></TxDtls></NtryDtls></Ntry><Ntry><NtryRef>REF000012491092</NtryRef><Amt Ccy="EUR">1118857.79</Amt><CdtDbtInd>CRDT</CdtDbtInd><AcctSvcrRef>REF000012505239</AcctSvcrRef><BkTxCd><Prtry><Cd>ATSISK</Cd></Prtry></BkTxCd><NtryDtls><Btch><NbOfTxs>198</NbOfTxs></Btch><TxDtls><Amt Ccy="EUR">1118857.79</Amt></TxDtls></NtryDtls></Ntry><Ntry><NtryRef>REF000012518025</NtryRef><Amt Ccy="EUR">19</Amt><CdtDbtInd>DBIT</CdtDbtInd><AcctSvcrRef>REF000012523704</AcctSvcrRef><BkTxCd><Prtry><Cd>ATSISK</Cd></Prtry></BkTxCd><NtryDtls><Btch><NbOfTxs>1</NbOfTxs></Btch><TxDtls><Amt Ccy="EUR">19</Amt></TxDtls></NtryDtls></Ntry><Ntry><NtryRef>REF000012531734</NtryRef><Amt Ccy="EUR">656151.68</Amt><CdtDbtInd>DBIT</CdtDbtInd><AcctSvcrRef>REF000012549955</AcctSvcrRef><BkTxCd><Prtry><Cd>KLIRNG</Cd></Prtry></BkTxCd><NtryDtls><Btch><NbOfTxs>7</NbOfTxs></Btch><TxDtls><Amt Ccy="EUR">656151.68</Amt></TxDtls></NtryDtls></Ntry><Ntry><NtryRef>REF000012552870</NtryRef><Amt Ccy="EUR">1</Amt><CdtDbtInd>CRDT</CdtDbtInd><AcctSvcrRef>REF000012569710</AcctSvcrRef><BkTxCd><Prtry><Cd>ATSISK</Cd></Prtry></BkTxCd><NtryDtls><Btch><NbOfTxs>1</NbOfTxs></Btch><TxDtls><Amt Ccy="EUR">1</Amt></TxDtls></NtryDtls></Ntry><Ntry><NtryRef>REF000012576002</NtryRef><Amt Ccy="EUR">2350000</Amt><CdtDbtInd>CRDT</CdtDbtInd><AcctSvcrRef>REF000012589457</AcctSvcrRef><BkTxCd><Prtry><Cd>ATSISK</Cd></Prtry></BkTxCd><NtryDtls><Btch><NbOfTxs>3</NbOfTxs></Btch><TxDtls><Amt Ccy="EUR">2350000</Amt></TxDtls></NtryDtls></Ntry><Ntry><NtryRef>REF000012597243</NtryRef><Amt Ccy="EUR">99142.65</Amt><CdtDbtInd>CRDT</CdtDbtInd><AcctSvcrRef>REF000012606477</AcctSvcrRef><BkTxCd><Prtry><Cd>ATSISK</Cd></Prtry></BkTxCd><NtryDtls><Btch><NbOfTxs>1</NbOfTxs></Btch><TxDtls><Amt Ccy="EUR">99142.65</Amt></TxDtls></NtryDtls></Ntry></Stmt><Stmt><Id>MSG43894498-RRGICR</Id><Acct><Id><Othr><Id>LT414319056143772570</Id></Othr></Id><Tp><Prtry>ATSSK2</Prtry></Tp><Ccy>EUR</Ccy><Ownr><Id><OrgId><AnyBIC>DEUTBEB4NDX</AnyBIC></OrgId></Id></Ownr></Acct><Bal><Tp><CdOrPrtry><Cd>OPBD</Cd></CdOrPrtry></Tp><Amt Ccy="EUR">801.55</Amt><Dt><Dt>2024-06-26</Dt></Dt><Avlbty><Amt Ccy="EUR">801.55</Amt></Avlbty></Bal><Bal><Tp><CdOrPrtry><Cd>CLBD</Cd></CdOrPrtry></Tp><Amt Ccy="EUR">801.55</Amt><Dt><Dt>2024-06-26</Dt></Dt><Avlbty><Amt Ccy="EUR">801.55</Amt></Avlbty></Bal></Stmt></BkToCstmrStmt></Document>
