<?xml version='1.0' encoding='utf-8'?>
<Document xmlns="urn:iso:std:iso:20022:tech:xsd:camt.053.001.08"><BkToCstmrStmt><GrpHdr><MsgId>MSG85943600-MFLMRM</MsgId><CreDtTm>2024-07-03T19:47:23.149+03:00</CreDtTm><MsgPgntn><PgNb>2</PgNb><LastPgInd>true</LastPgInd></MsgPgntn><OrgnlBizQry><MsgId>MSG80838648-QJWEZV</MsgId></OrgnlBizQry></GrpHdr><Stmt><Id>MSG90590715-ZPFYEC</Id><Acct><Id><Othr><Id>LT414319056143772570</Id></Othr></Id><Tp><Prtry>ATSSK2</Prtry></Tp><Ccy>EUR</Ccy><Ownr><Id><OrgId><AnyBIC>DEUTBEB4NDX</AnyBIC></OrgId></Id></Ownr></Acct><Bal><Tp><CdOrPrtry><Cd>OPBD</Cd></CdOrPrtry></Tp><Amt Ccy="EUR">801.55</Amt><Dt><Dt>2024-07-03</Dt></Dt><Avlbty><Amt Ccy="EUR">801.55</Amt></Avlbty></Bal><Bal><Tp><CdOrPrtry><Cd>CLBD</Cd></CdOrPrtry></Tp><Amt Ccy="EUR">801.55</Amt><Dt><Dt>2024-07-03</Dt></Dt><Avlbty><Amt Ccy="EUR">801.55</Amt></Avlbty></Bal></Stmt><Stmt><Id>MSG54027539-JTJCEI</Id><Acct><Id><Othr><Id>LT625883379695428516</Id></Othr></Id><Tp><Prtry>ATSISK</Prtry></Tp><Ccy>EUR</Ccy><Ownr><Id><OrgId><AnyBIC>DEUTBEB4NDX</AnyBIC></OrgId></Id></Ownr></Acct><Bal><Tp><CdOrPrtry><Cd>OPBD</Cd></CdOrPrtry></Tp><Amt Ccy="EUR">14457297.5</Amt><Dt><Dt>2024-07-03</Dt></Dt><Avlbty><Amt Ccy="EUR">14456297.5</Amt></Avlbty></Bal><Bal><Tp><CdOrPrtry><Cd>CLBD</Cd></CdOrPrtry></Tp><Amt Ccy="EUR">14392102.6</Amt><Dt><Dt>2024-07-03</Dt></Dt><Avlbty><Amt Ccy="EUR">14391102.6</Amt></Avlbty></Bal><Ntry><NtryRef>REF000013511092</NtryRef><Amt Ccy="EUR">630857.35</Amt><CdtDbtInd>CRDT</CdtDbtInd><AcctSvcrRef>REF000013525239</AcctSvcrRef><BkTxCd><Prtry><Cd>ATSISK</Cd></Prtry></BkTxCd><NtryDtls><Btch><NbOfTxs>204</NbOfTxs></Btch><TxDtls><Amt Ccy="EUR">630857.35</Amt></TxDtls></NtryDtls></Ntry><Ntry><NtryRef>REF000013531734</NtryRef><Amt Ccy="EUR">494194.86</Amt><CdtDbtInd>DBIT</CdtDbtInd><AcctSvcrRef>REF000013549955</AcctSvcrRef><BkTxCd><Prtry><Cd>KLIRNG</Cd></Prtry></BkTxCd><NtryDtls><Btch><NbOfTxs>7</NbOfTxs></Btch><TxDtls><Amt Ccy="EUR">494194.86</Amt></TxDtls></NtryDtls></Ntry><Ntry><NtryRef>REF000013555235</NtryRef><Amt Ccy="EUR">151327.39</Amt><CdtDbtInd>DBIT</CdtDbtInd><AcctSvcrRef>REF000013568309</AcctSvcrRef><BkTxCd><Prtry><Cd>ATSISK</Cd></Prtry></BkTxCd><NtryDtls><Btch><NbOfTxs>3</NbOfTxs></Btch><TxDtls><Amt Ccy="EUR">151327.39</Amt></TxDtls></NtryDtls></Ntry><Ntry><NtryRef>REF000013579900</NtryRef><Amt Ccy="EUR">50530</Amt><CdtDbtInd>DBIT</CdtDbtInd><AcctSvcrRef>REF000013589124</AcctSvcrRef><BkTxCd><Prtry><Cd>ATSISK</Cd></Prtry></BkTxCd><NtryDtls><Btch><NbOfTxs>2</NbOfTxs></Btch><TxDtls><Amt Ccy="EUR">50530</Amt></TxDtls></NtryDtls></Ntry></Stmt></BkToCstmrStmt></Document>
