<?xml version='1.0' encoding='utf-8'?>
<Document xmlns="urn:iso:std:iso:20022:tech:xsd:camt.053.001.08"><BkToCstmrStmt><GrpHdr><MsgId>MSG85943600-MFLMRM</MsgId><CreDtTm>2024-08-20T19:48:18.534+03:00</CreDtTm><MsgPgntn><PgNb>2</PgNb><LastPgInd>true</LastPgInd></MsgPgntn><OrgnlBizQry><MsgId>MSG14551277-OLNIOH</MsgId></OrgnlBizQry></GrpHdr><Stmt><Id>MSG71140540-IXPASV</Id><Acct><Id><Othr><Id>LT414319056143772570</Id></Othr></Id><Tp><Prtry>ATSSK2</Prtry></Tp><Ccy>EUR</Ccy><Ownr><Id><OrgId><AnyBIC>DEUTBEB4NDX</AnyBIC></OrgId></Id></Ownr></Acct><Bal><Tp><CdOrPrtry><Cd>OPBD</Cd></CdOrPrtry></Tp><Amt Ccy="EUR">801.55</Amt><Dt><Dt>2024-08-20</Dt></Dt><Avlbty><Amt Ccy="EUR">801.55</Amt></Avlbty></Bal><Bal><Tp><CdOrPrtry><Cd>CLBD</Cd></CdOrPrtry></Tp><Amt Ccy="EUR">801.55</Amt><Dt><Dt>2024-08-20</Dt></Dt><Avlbty><Amt Ccy="EUR">801.55</Amt></Avlbty></Bal></Stmt><Stmt><Id>MSG12748607-WGUYRM</Id><Acct><Id><Othr><Id>LT625883379695428516</Id></Othr></Id><Tp><Prtry>ATSISK</Prtry></Tp><Ccy>EUR</Ccy><Ownr><Id><OrgId><AnyBIC>DEUTBEB4NDX</AnyBIC></OrgId></Id></Ownr></Acct><Bal><Tp><CdOrPrtry><Cd>OPBD</Cd></CdOrPrtry></Tp><Amt Ccy="EUR">16728647.41</Amt><Dt><Dt>2024-08-20</Dt></Dt><Avlbty><Amt Ccy="EUR">16727647.41</Amt></Avlbty></Bal><Bal><Tp><CdOrPrtry><Cd>CLBD</Cd></CdOrPrtry></Tp><Amt Ccy="EUR">16697194.97</Amt><Dt><Dt>2024-08-20</Dt></Dt><Avlbty><Amt Ccy="EUR">16696194.97</Amt></Avlbty></Bal><Ntry><NtryRef>REF000018778280</NtryRef><Amt Ccy="EUR">5151.05</Amt><CdtDbtInd>CRDT</CdtDbtInd><AcctSvcrRef>REF000018781452</AcctSvcrRef><BkTxCd><Prtry><Cd>ATSISK</Cd></Prtry></BkTxCd><NtryDtls><Btch><NbOfTxs>1</NbOfTxs></Btch><TxDtls><Amt Ccy="EUR">5151.05</Amt></TxDtls></NtryDtls></Ntry><Ntry><NtryRef>REF000018791092</NtryRef><Amt Ccy="EUR">950127.66</Amt><CdtDbtInd>CRDT</CdtDbtInd><AcctSvcrRef>REF000018805239</AcctSvcrRef><BkTxCd><Prtry><Cd>ATSISK</Cd></Prtry></BkTxCd><NtryDtls><Btch><NbOfTxs>231</NbOfTxs></Btch><TxDtls><Amt Ccy="EUR">950127.66</Amt></TxDtls></NtryDtls></Ntry><Ntry><NtryRef>REF000018811734</NtryRef><Amt Ccy="EUR">970351.15</Amt><CdtDbtInd>DBIT</CdtDbtInd><AcctSvcrRef>REF000018829955</AcctSvcrRef><BkTxCd><Prtry><Cd>KLIRNG</Cd></Prtry></BkTxCd><NtryDtls><Btch><NbOfTxs>7</NbOfTxs></Btch><TxDtls><Amt Ccy="EUR">970351.15</Amt></TxDtls></NtryDtls></Ntry><Ntry><NtryRef>REF000018834704</NtryRef><Amt Ccy="EUR">16400</Amt><CdtDbtInd>DBIT</CdtDbtInd><AcctSvcrRef>REF000018844477</AcctSvcrRef><BkTxCd><Prtry><Cd>ATSISK</Cd></Prtry></BkTxCd><NtryDtls><Btch><NbOfTxs>1</NbOfTxs></Btch><TxDtls><Amt Ccy="EUR">16400</Amt></TxDtls></NtryDtls></Ntry><Ntry><NtryRef>REF000018851655</NtryRef><Amt Ccy="EUR">20</Amt><CdtDbtInd>CRDT</CdtDbtInd><AcctSvcrRef>REF000018865284</AcctSvcrRef><BkTxCd><Prtry><Cd>ATSISK</Cd></Prtry></BkTxCd><NtryDtls><Btch><NbOfTxs>1</NbOfTxs></Btch><TxDtls><Amt Ccy="EUR">20</Amt></TxDtls></NtryDtls></Ntry></Stmt></BkToCstmrStmt></Document>
