<?xml version='1.0' encoding='utf-8'?>
<Document xmlns="urn:iso:std:iso:20022:tech:xsd:camt.053.001.08"><BkToCstmrStmt><GrpHdr><MsgId>MSG85943600-MFLMRM</MsgId><CreDtTm>2024-03-08T19:47:08.008+02:00</CreDtTm><MsgPgntn><PgNb>2</PgNb><LastPgInd>true</LastPgInd></MsgPgntn><OrgnlBizQry><MsgId>MSG45924308-EVZSIL</MsgId></OrgnlBizQry></GrpHdr><Stmt><Id>MSG46239194-CTUVRV</Id><Acct><Id><Othr><Id>LT625883379695428516</Id></Othr></Id><Tp><Prtry>ATSISK</Prtry></Tp><Ccy>EUR</Ccy><Ownr><Id><OrgId><AnyBIC>DEUTBEB4NDX</AnyBIC></OrgId></Id></Ownr></Acct><Bal><Tp><CdOrPrtry><Cd>OPBD</Cd></CdOrPrtry></Tp><Amt Ccy="EUR">21903960.39</Amt><Dt><Dt>2024-03-08</Dt></Dt><Avlbty><Amt Ccy="EUR">21902960.39</Amt></Avlbty></Bal><Bal><Tp><CdOrPrtry><Cd>CLBD</Cd></CdOrPrtry></Tp><Amt Ccy="EUR">27229398.96</Amt><Dt><Dt>2024-03-08</Dt></Dt><Avlbty><Amt Ccy="EUR">27228398.96</Amt></Avlbty></Bal><Ntry><NtryRef>REF000000071558</NtryRef><Amt Ccy="EUR">2545</Amt><CdtDbtInd>DBIT</CdtDbtInd><AcctSvcrRef>REF000000083800</AcctSvcrRef><BkTxCd><Prtry><Cd>ATSISK</Cd></Prtry></BkTxCd><NtryDtls><Btch><NbOfTxs>2</NbOfTxs></Btch><TxDtls><Amt Ccy="EUR">2545</Amt></TxDtls></NtryDtls></Ntry><Ntry><NtryRef>REF000000091092</NtryRef><Amt Ccy="EUR">5368014.37</Amt><CdtDbtInd>CRDT</CdtDbtInd><AcctSvcrRef>REF000000105239</AcctSvcrRef><BkTxCd><Prtry><Cd>ATSISK</Cd></Prtry></BkTxCd><NtryDtls><Btch><NbOfTxs>94</NbOfTxs></Btch><TxDtls><Amt Ccy="EUR">5368014.37</Amt></TxDtls></NtryDtls></Ntry><Ntry><NtryRef>REF000000111734</NtryRef><Amt Ccy="EUR">104207.86</Amt><CdtDbtInd>DBIT</CdtDbtInd><AcctSvcrRef>REF000000129955</AcctSvcrRef><BkTxCd><Prtry><Cd>KLIRNG</Cd></Prtry></BkTxCd><NtryDtls><Btch><NbOfTxs>6</NbOfTxs></Btch><TxDtls><Amt Ccy="EUR">104207.86</Amt></TxDtls></NtryDtls></Ntry><Ntry><NtryRef>REF000000134704</NtryRef><Amt Ccy="EUR">64177.06</Amt><CdtDbtInd>CRDT</CdtDbtInd><AcctSvcrRef>REF000000144477</AcctSvcrRef><BkTxCd><Prtry><Cd>ATSISK</Cd></Prtry></BkTxCd><NtryDtls><Btch><NbOfTxs>2</NbOfTxs></Btch><TxDtls><Amt Ccy="EUR">64177.06</Amt></TxDtls></NtryDtls></Ntry></Stmt><Stmt><Id>MSG63004832-WWGKYZ</Id><Acct><Id><Othr><Id>LT414319056143772570</Id></Othr></Id><Tp><Prtry>ATSSK2</Prtry></Tp><Ccy>EUR</Ccy><Ownr><Id><OrgId><AnyBIC>DEUTBEB4NDX</AnyBIC></OrgId></Id></Ownr></Acct><Bal><Tp><CdOrPrtry><Cd>OPBD</Cd></CdOrPrtry></Tp><Amt Ccy="EUR">4801.55</Amt><Dt><Dt>2024-03-08</Dt></Dt><Avlbty><Amt Ccy="EUR">4801.55</Amt></Avlbty></Bal><Bal><Tp><CdOrPrtry><Cd>CLBD</Cd></CdOrPrtry></Tp><Amt Ccy="EUR">4801.55</Amt><Dt><Dt>2024-03-08</Dt></Dt><Avlbty><Amt Ccy="EUR">4801.55</Amt></Avlbty></Bal></Stmt></BkToCstmrStmt></Document>
