<?xml version='1.0' encoding='utf-8'?>
<Document xmlns="urn:iso:std:iso:20022:tech:xsd:camt.053.001.08"><BkToCstmrStmt><GrpHdr><MsgId>MSG85943600-MFLMRM</MsgId><CreDtTm>2024-07-16T19:48:19.982+03:00</CreDtTm><MsgPgntn><PgNb>2</PgNb><LastPgInd>true</LastPgInd></MsgPgntn><OrgnlBizQry><MsgId>MSG98333754-CKGPOL</MsgId></OrgnlBizQry></GrpHdr><Stmt><Id>MSG22504359-RTXPJM</Id><Acct><Id><Othr><Id>LT414319056143772570</Id></Othr></Id><Tp><Prtry>ATSSK2</Prtry></Tp><Ccy>EUR</Ccy><Ownr><Id><OrgId><AnyBIC>DEUTBEB4NDX</AnyBIC></OrgId></Id></Ownr></Acct><Bal><Tp><CdOrPrtry><Cd>OPBD</Cd></CdOrPrtry></Tp><Amt Ccy="EUR">801.55</Amt><Dt><Dt>2024-07-16</Dt></Dt><Avlbty><Amt Ccy="EUR">801.55</Amt></Avlbty></Bal><Bal><Tp><CdOrPrtry><Cd>CLBD</Cd></CdOrPrtry></Tp><Amt Ccy="EUR">801.55</Amt><Dt><Dt>2024-07-16</Dt></Dt><Avlbty><Amt Ccy="EUR">801.55</Amt></Avlbty></Bal></Stmt><Stmt><Id>MSG80545021-ONZLEU</Id><Acct><Id><Othr><Id>LT625883379695428516</Id></Othr></Id><Tp><Prtry>ATSISK</Prtry></Tp><Ccy>EUR</Ccy><Ownr><Id><OrgId><AnyBIC>DEUTBEB4NDX</AnyBIC></OrgId></Id></Ownr></Acct><Bal><Tp><CdOrPrtry><Cd>OPBD</Cd></CdOrPrtry></Tp><Amt Ccy="EUR">16457876.85</Amt><Dt><Dt>2024-07-16</Dt></Dt><Avlbty><Amt Ccy="EUR">16456876.85</Amt></Avlbty></Bal><Bal><Tp><CdOrPrtry><Cd>CLBD</Cd></CdOrPrtry></Tp><Amt Ccy="EUR">15746132.9</Amt><Dt><Dt>2024-07-16</Dt></Dt><Avlbty><Amt Ccy="EUR">15745132.9</Amt></Avlbty></Bal><Ntry><NtryRef>REF000014838612</NtryRef><Amt Ccy="EUR">1500</Amt><CdtDbtInd>CRDT</CdtDbtInd><AcctSvcrRef>REF000014848017</AcctSvcrRef><BkTxCd><Prtry><Cd>ATSISK</Cd></Prtry></BkTxCd><NtryDtls><Btch><NbOfTxs>1</NbOfTxs></Btch><TxDtls><Amt Ccy="EUR">1500</Amt></TxDtls></NtryDtls></Ntry><Ntry><NtryRef>REF000014858280</NtryRef><Amt Ccy="EUR">2351.18</Amt><CdtDbtInd>CRDT</CdtDbtInd><AcctSvcrRef>REF000014861452</AcctSvcrRef><BkTxCd><Prtry><Cd>ATSISK</Cd></Prtry></BkTxCd><NtryDtls><Btch><NbOfTxs>1</NbOfTxs></Btch><TxDtls><Amt Ccy="EUR">2351.18</Amt></TxDtls></NtryDtls></Ntry><Ntry><NtryRef>REF000014871092</NtryRef><Amt Ccy="EUR">519538.09</Amt><CdtDbtInd>CRDT</CdtDbtInd><AcctSvcrRef>REF000014885239</AcctSvcrRef><BkTxCd><Prtry><Cd>ATSISK</Cd></Prtry></BkTxCd><NtryDtls><Btch><NbOfTxs>239</NbOfTxs></Btch><TxDtls><Amt Ccy="EUR">519538.09</Amt></TxDtls></NtryDtls></Ntry><Ntry><NtryRef>REF000014891734</NtryRef><Amt Ccy="EUR">1210443.09</Amt><CdtDbtInd>DBIT</CdtDbtInd><AcctSvcrRef>REF000014909955</AcctSvcrRef><BkTxCd><Prtry><Cd>KLIRNG</Cd></Prtry></BkTxCd><NtryDtls><Btch><NbOfTxs>7</NbOfTxs></Btch><TxDtls><Amt Ccy="EUR">1210443.09</Amt></TxDtls></NtryDtls></Ntry><Ntry><NtryRef>REF000014916776</NtryRef><Amt Ccy="EUR">2.46</Amt><CdtDbtInd>CRDT</CdtDbtInd><AcctSvcrRef>REF000014924080</AcctSvcrRef><BkTxCd><Prtry><Cd>ATSISK</Cd></Prtry></BkTxCd><NtryDtls><Btch><NbOfTxs>1</NbOfTxs></Btch><TxDtls><Amt Ccy="EUR">2.46</Amt></TxDtls></NtryDtls></Ntry><Ntry><NtryRef>REF000014934704</NtryRef><Amt Ccy="EUR">45206.5</Amt><CdtDbtInd>DBIT</CdtDbtInd><AcctSvcrRef>REF000014944477</AcctSvcrRef><BkTxCd><Prtry><Cd>ATSISK</Cd></Prtry></BkTxCd><NtryDtls><Btch><NbOfTxs>1</NbOfTxs></Btch><TxDtls><Amt Ccy="EUR">45206.5</Amt></TxDtls></NtryDtls></Ntry><Ntry><NtryRef>REF000014951655</NtryRef><Amt Ccy="EUR">41.69</Amt><CdtDbtInd>DBIT</CdtDbtInd><AcctSvcrRef>REF000014965284</AcctSvcrRef><BkTxCd><Prtry><Cd>ATSISK</Cd></Prtry></BkTxCd><NtryDtls><Btch><NbOfTxs>1</NbOfTxs></Btch><TxDtls><Amt Ccy="EUR">41.69</Amt></TxDtls></NtryDtls></Ntry><Ntry><NtryRef>REF000014974538</NtryRef><Amt Ccy="EUR">64</Amt><CdtDbtInd>CRDT</CdtDbtInd><AcctSvcrRef>REF000014984868</AcctSvcrRef><BkTxCd><Prtry><Cd>ATSISK</Cd></Prtry></BkTxCd><NtryDtls><Btch><NbOfTxs>1</NbOfTxs></Btch><TxDtls><Amt Ccy="EUR">64</Amt></TxDtls></NtryDtls></Ntry><Ntry><NtryRef>REF000014992845</NtryRef><Amt Ccy="EUR">20491.6</Amt><CdtDbtInd>CRDT</CdtDbtInd><AcctSvcrRef>REF000015002208</AcctSvcrRef><BkTxCd><Prtry><Cd>ATSISK</Cd></Prtry></BkTxCd><NtryDtls><Btch><NbOfTxs>1</NbOfTxs></Btch><TxDtls><Amt Ccy="EUR">20491.6</Amt></TxDtls></NtryDtls></Ntry></Stmt></BkToCstmrStmt></Document>
