<?xml version='1.0' encoding='utf-8'?>
<Document xmlns="urn:iso:std:iso:20022:tech:xsd:camt.053.001.08"><BkToCstmrStmt><GrpHdr><MsgId>MSG85943600-MFLMRM</MsgId><CreDtTm>2024-07-08T19:48:16.831+03:00</CreDtTm><MsgPgntn><PgNb>2</PgNb><LastPgInd>true</LastPgInd></MsgPgntn><OrgnlBizQry><MsgId>MSG67114359-EXNYWS</MsgId></OrgnlBizQry></GrpHdr><Stmt><Id>MSG66404173-QAPZTV</Id><Acct><Id><Othr><Id>LT414319056143772570</Id></Othr></Id><Tp><Prtry>ATSSK2</Prtry></Tp><Ccy>EUR</Ccy><Ownr><Id><OrgId><AnyBIC>DEUTBEB4NDX</AnyBIC></OrgId></Id></Ownr></Acct><Bal><Tp><CdOrPrtry><Cd>OPBD</Cd></CdOrPrtry></Tp><Amt Ccy="EUR">801.55</Amt><Dt><Dt>2024-07-08</Dt></Dt><Avlbty><Amt Ccy="EUR">801.55</Amt></Avlbty></Bal><Bal><Tp><CdOrPrtry><Cd>CLBD</Cd></CdOrPrtry></Tp><Amt Ccy="EUR">801.55</Amt><Dt><Dt>2024-07-08</Dt></Dt><Avlbty><Amt Ccy="EUR">801.55</Amt></Avlbty></Bal></Stmt><Stmt><Id>MSG88290939-PRLIDO</Id><Acct><Id><Othr><Id>LT625883379695428516</Id></Othr></Id><Tp><Prtry>ATSISK</Prtry></Tp><Ccy>EUR</Ccy><Ownr><Id><OrgId><AnyBIC>DEUTBEB4NDX</AnyBIC></OrgId></Id></Ownr></Acct><Bal><Tp><CdOrPrtry><Cd>OPBD</Cd></CdOrPrtry></Tp><Amt Ccy="EUR">14427150.02</Amt><Dt><Dt>2024-07-08</Dt></Dt><Avlbty><Amt Ccy="EUR">14426150.02</Amt></Avlbty></Bal><Bal><Tp><CdOrPrtry><Cd>CLBD</Cd></CdOrPrtry></Tp><Amt Ccy="EUR">14812675.2</Amt><Dt><Dt>2024-07-08</Dt></Dt><Avlbty><Amt Ccy="EUR">14811675.2</Amt></Avlbty></Bal><Ntry><NtryRef>REF000013937264</NtryRef><Amt Ccy="EUR">2.5</Amt><CdtDbtInd>CRDT</CdtDbtInd><AcctSvcrRef>REF000013946646</AcctSvcrRef><BkTxCd><Prtry><Cd>ATSISK</Cd></Prtry></BkTxCd><NtryDtls><Btch><NbOfTxs>1</NbOfTxs></Btch><TxDtls><Amt Ccy="EUR">2.5</Amt></TxDtls></NtryDtls></Ntry><Ntry><NtryRef>REF000013953248</NtryRef><Amt Ccy="EUR">4000</Amt><CdtDbtInd>DBIT</CdtDbtInd><AcctSvcrRef>REF000013966048</AcctSvcrRef><BkTxCd><Prtry><Cd>ATSISK</Cd></Prtry></BkTxCd><NtryDtls><Btch><NbOfTxs>2</NbOfTxs></Btch><TxDtls><Amt Ccy="EUR">4000</Amt></TxDtls></NtryDtls></Ntry><Ntry><NtryRef>REF000013971092</NtryRef><Amt Ccy="EUR">753599.91</Amt><CdtDbtInd>CRDT</CdtDbtInd><AcctSvcrRef>REF000013985239</AcctSvcrRef><BkTxCd><Prtry><Cd>ATSISK</Cd></Prtry></BkTxCd><NtryDtls><Btch><NbOfTxs>308</NbOfTxs></Btch><TxDtls><Amt Ccy="EUR">753599.91</Amt></TxDtls></NtryDtls></Ntry><Ntry><NtryRef>REF000013991734</NtryRef><Amt Ccy="EUR">396603.98</Amt><CdtDbtInd>DBIT</CdtDbtInd><AcctSvcrRef>REF000014009955</AcctSvcrRef><BkTxCd><Prtry><Cd>KLIRNG</Cd></Prtry></BkTxCd><NtryDtls><Btch><NbOfTxs>8</NbOfTxs></Btch><TxDtls><Amt Ccy="EUR">396603.98</Amt></TxDtls></NtryDtls></Ntry><Ntry><NtryRef>REF000014016776</NtryRef><Amt Ccy="EUR">3200</Amt><CdtDbtInd>DBIT</CdtDbtInd><AcctSvcrRef>REF000014024080</AcctSvcrRef><BkTxCd><Prtry><Cd>ATSISK</Cd></Prtry></BkTxCd><NtryDtls><Btch><NbOfTxs>2</NbOfTxs></Btch><TxDtls><Amt Ccy="EUR">3200</Amt></TxDtls></NtryDtls></Ntry><Ntry><NtryRef>REF000014037243</NtryRef><Amt Ccy="EUR">35726.75</Amt><CdtDbtInd>CRDT</CdtDbtInd><AcctSvcrRef>REF000014046477</AcctSvcrRef><BkTxCd><Prtry><Cd>ATSISK</Cd></Prtry></BkTxCd><NtryDtls><Btch><NbOfTxs>1</NbOfTxs></Btch><TxDtls><Amt Ccy="EUR">35726.75</Amt></TxDtls></NtryDtls></Ntry></Stmt></BkToCstmrStmt></Document>
