<?xml version='1.0' encoding='utf-8'?>
<Document xmlns="urn:iso:std:iso:20022:tech:xsd:camt.053.001.08"><BkToCstmrStmt><GrpHdr><MsgId>MSG85943600-MFLMRM</MsgId><CreDtTm>2024-03-27T19:48:29.492+02:00</CreDtTm><MsgPgntn><PgNb>2</PgNb><LastPgInd>true</LastPgInd></MsgPgntn><OrgnlBizQry><MsgId>MSG46216485-IIPCSJ</MsgId></OrgnlBizQry></GrpHdr><Stmt><Id>MSG50903968-GDPZHM</Id><Acct><Id><Othr><Id>LT625883379695428516</Id></Othr></Id><Tp><Prtry>ATSISK</Prtry></Tp><Ccy>EUR</Ccy><Ownr><Id><OrgId><AnyBIC>DEUTBEB4NDX</AnyBIC></OrgId></Id></Ownr></Acct><Bal><Tp><CdOrPrtry><Cd>OPBD</Cd></CdOrPrtry></Tp><Amt Ccy="EUR">18533857.17</Amt><Dt><Dt>2024-03-27</Dt></Dt><Avlbty><Amt Ccy="EUR">18532857.17</Amt></Avlbty></Bal><Bal><Tp><CdOrPrtry><Cd>CLBD</Cd></CdOrPrtry></Tp><Amt Ccy="EUR">17775910.67</Amt><Dt><Dt>2024-03-27</Dt></Dt><Avlbty><Amt Ccy="EUR">17774910.67</Amt></Avlbty></Bal><Ntry><NtryRef>REF000002151558</NtryRef><Amt Ccy="EUR">2293</Amt><CdtDbtInd>DBIT</CdtDbtInd><AcctSvcrRef>REF000002163800</AcctSvcrRef><BkTxCd><Prtry><Cd>ATSISK</Cd></Prtry></BkTxCd><NtryDtls><Btch><NbOfTxs>1</NbOfTxs></Btch><TxDtls><Amt Ccy="EUR">2293</Amt></TxDtls></NtryDtls></Ntry><Ntry><NtryRef>REF000002179665</NtryRef><Amt Ccy="EUR">200000</Amt><CdtDbtInd>DBIT</CdtDbtInd><AcctSvcrRef>REF000002186020</AcctSvcrRef><BkTxCd><Prtry><Cd>ATSISK</Cd></Prtry></BkTxCd><NtryDtls><Btch><NbOfTxs>1</NbOfTxs></Btch><TxDtls><Amt Ccy="EUR">200000</Amt></TxDtls></NtryDtls></Ntry><Ntry><NtryRef>REF000002191092</NtryRef><Amt Ccy="EUR">1597860.38</Amt><CdtDbtInd>CRDT</CdtDbtInd><AcctSvcrRef>REF000002205239</AcctSvcrRef><BkTxCd><Prtry><Cd>ATSISK</Cd></Prtry></BkTxCd><NtryDtls><Btch><NbOfTxs>125</NbOfTxs></Btch><TxDtls><Amt Ccy="EUR">1597860.38</Amt></TxDtls></NtryDtls></Ntry><Ntry><NtryRef>REF000002211734</NtryRef><Amt Ccy="EUR">2138089.83</Amt><CdtDbtInd>DBIT</CdtDbtInd><AcctSvcrRef>REF000002229955</AcctSvcrRef><BkTxCd><Prtry><Cd>KLIRNG</Cd></Prtry></BkTxCd><NtryDtls><Btch><NbOfTxs>6</NbOfTxs></Btch><TxDtls><Amt Ccy="EUR">2138089.83</Amt></TxDtls></NtryDtls></Ntry><Ntry><NtryRef>REF000002239900</NtryRef><Amt Ccy="EUR">16189</Amt><CdtDbtInd>DBIT</CdtDbtInd><AcctSvcrRef>REF000002249124</AcctSvcrRef><BkTxCd><Prtry><Cd>ATSISK</Cd></Prtry></BkTxCd><NtryDtls><Btch><NbOfTxs>1</NbOfTxs></Btch><TxDtls><Amt Ccy="EUR">16189</Amt></TxDtls></NtryDtls></Ntry><Ntry><NtryRef>REF000002256776</NtryRef><Amt Ccy="EUR">399</Amt><CdtDbtInd>CRDT</CdtDbtInd><AcctSvcrRef>REF000002264080</AcctSvcrRef><BkTxCd><Prtry><Cd>ATSISK</Cd></Prtry></BkTxCd><NtryDtls><Btch><NbOfTxs>1</NbOfTxs></Btch><TxDtls><Amt Ccy="EUR">399</Amt></TxDtls></NtryDtls></Ntry><Ntry><NtryRef>REF000002274704</NtryRef><Amt Ccy="EUR">365.95</Amt><CdtDbtInd>CRDT</CdtDbtInd><AcctSvcrRef>REF000002284477</AcctSvcrRef><BkTxCd><Prtry><Cd>ATSISK</Cd></Prtry></BkTxCd><NtryDtls><Btch><NbOfTxs>3</NbOfTxs></Btch><TxDtls><Amt Ccy="EUR">365.95</Amt></TxDtls></NtryDtls></Ntry></Stmt><Stmt><Id>MSG93836789-XLELMW</Id><Acct><Id><Othr><Id>LT414319056143772570</Id></Othr></Id><Tp><Prtry>ATSSK2</Prtry></Tp><Ccy>EUR</Ccy><Ownr><Id><OrgId><AnyBIC>DEUTBEB4NDX</AnyBIC></OrgId></Id></Ownr></Acct><Bal><Tp><CdOrPrtry><Cd>OPBD</Cd></CdOrPrtry></Tp><Amt Ccy="EUR">2801.55</Amt><Dt><Dt>2024-03-27</Dt></Dt><Avlbty><Amt Ccy="EUR">2801.55</Amt></Avlbty></Bal><Bal><Tp><CdOrPrtry><Cd>CLBD</Cd></CdOrPrtry></Tp><Amt Ccy="EUR">2801.55</Amt><Dt><Dt>2024-03-27</Dt></Dt><Avlbty><Amt Ccy="EUR">2801.55</Amt></Avlbty></Bal></Stmt></BkToCstmrStmt></Document>
