<?xml version='1.0' encoding='utf-8'?>
<Document xmlns="urn:iso:std:iso:20022:tech:xsd:camt.053.001.08"><BkToCstmrStmt><GrpHdr><MsgId>MSG85943600-MFLMRM</MsgId><CreDtTm>2024-07-15T19:48:21.084+03:00</CreDtTm><MsgPgntn><PgNb>2</PgNb><LastPgInd>true</LastPgInd></MsgPgntn><OrgnlBizQry><MsgId>MSG50950619-IAXTJE</MsgId></OrgnlBizQry></GrpHdr><Stmt><Id>MSG78837640-BWPVHE</Id><Acct><Id><Othr><Id>LT414319056143772570</Id></Othr></Id><Tp><Prtry>ATSSK2</Prtry></Tp><Ccy>EUR</Ccy><Ownr><Id><OrgId><AnyBIC>DEUTBEB4NDX</AnyBIC></OrgId></Id></Ownr></Acct><Bal><Tp><CdOrPrtry><Cd>OPBD</Cd></CdOrPrtry></Tp><Amt Ccy="EUR">801.55</Amt><Dt><Dt>2024-07-15</Dt></Dt><Avlbty><Amt Ccy="EUR">801.55</Amt></Avlbty></Bal><Bal><Tp><CdOrPrtry><Cd>CLBD</Cd></CdOrPrtry></Tp><Amt Ccy="EUR">801.55</Amt><Dt><Dt>2024-07-15</Dt></Dt><Avlbty><Amt Ccy="EUR">801.55</Amt></Avlbty></Bal></Stmt><Stmt><Id>MSG28762562-TYYCRU</Id><Acct><Id><Othr><Id>LT625883379695428516</Id></Othr></Id><Tp><Prtry>ATSISK</Prtry></Tp><Ccy>EUR</Ccy><Ownr><Id><OrgId><AnyBIC>DEUTBEB4NDX</AnyBIC></OrgId></Id></Ownr></Acct><Bal><Tp><CdOrPrtry><Cd>OPBD</Cd></CdOrPrtry></Tp><Amt Ccy="EUR">16248237.83</Amt><Dt><Dt>2024-07-15</Dt></Dt><Avlbty><Amt Ccy="EUR">16247237.83</Amt></Avlbty></Bal><Bal><Tp><CdOrPrtry><Cd>CLBD</Cd></CdOrPrtry></Tp><Amt Ccy="EUR">16457876.85</Amt><Dt><Dt>2024-07-15</Dt></Dt><Avlbty><Amt Ccy="EUR">16456876.85</Amt></Avlbty></Bal><Ntry><NtryRef>REF000014637264</NtryRef><Amt Ccy="EUR">10</Amt><CdtDbtInd>CRDT</CdtDbtInd><AcctSvcrRef>REF000014646646</AcctSvcrRef><BkTxCd><Prtry><Cd>ATSISK</Cd></Prtry></BkTxCd><NtryDtls><Btch><NbOfTxs>1</NbOfTxs></Btch><TxDtls><Amt Ccy="EUR">10</Amt></TxDtls></NtryDtls></Ntry><Ntry><NtryRef>REF000014651092</NtryRef><Amt Ccy="EUR">791636.84</Amt><CdtDbtInd>CRDT</CdtDbtInd><AcctSvcrRef>REF000014665239</AcctSvcrRef><BkTxCd><Prtry><Cd>ATSISK</Cd></Prtry></BkTxCd><NtryDtls><Btch><NbOfTxs>200</NbOfTxs></Btch><TxDtls><Amt Ccy="EUR">791636.84</Amt></TxDtls></NtryDtls></Ntry><Ntry><NtryRef>REF000014671331</NtryRef><Amt Ccy="EUR">86</Amt><CdtDbtInd>DBIT</CdtDbtInd><AcctSvcrRef>REF000014681748</AcctSvcrRef><BkTxCd><Prtry><Cd>ATSISK</Cd></Prtry></BkTxCd><NtryDtls><Btch><NbOfTxs>1</NbOfTxs></Btch><TxDtls><Amt Ccy="EUR">86</Amt></TxDtls></NtryDtls></Ntry><Ntry><NtryRef>REF000014691734</NtryRef><Amt Ccy="EUR">534367.85</Amt><CdtDbtInd>DBIT</CdtDbtInd><AcctSvcrRef>REF000014709955</AcctSvcrRef><BkTxCd><Prtry><Cd>KLIRNG</Cd></Prtry></BkTxCd><NtryDtls><Btch><NbOfTxs>8</NbOfTxs></Btch><TxDtls><Amt Ccy="EUR">534367.85</Amt></TxDtls></NtryDtls></Ntry><Ntry><NtryRef>REF000014715235</NtryRef><Amt Ccy="EUR">6661</Amt><CdtDbtInd>DBIT</CdtDbtInd><AcctSvcrRef>REF000014728309</AcctSvcrRef><BkTxCd><Prtry><Cd>ATSISK</Cd></Prtry></BkTxCd><NtryDtls><Btch><NbOfTxs>3</NbOfTxs></Btch><TxDtls><Amt Ccy="EUR">6661</Amt></TxDtls></NtryDtls></Ntry><Ntry><NtryRef>REF000014739900</NtryRef><Amt Ccy="EUR">78999</Amt><CdtDbtInd>DBIT</CdtDbtInd><AcctSvcrRef>REF000014749124</AcctSvcrRef><BkTxCd><Prtry><Cd>ATSISK</Cd></Prtry></BkTxCd><NtryDtls><Btch><NbOfTxs>4</NbOfTxs></Btch><TxDtls><Amt Ccy="EUR">78999</Amt></TxDtls></NtryDtls></Ntry><Ntry><NtryRef>REF000014759683</NtryRef><Amt Ccy="EUR">136369.96</Amt><CdtDbtInd>DBIT</CdtDbtInd><AcctSvcrRef>REF000014768629</AcctSvcrRef><BkTxCd><Prtry><Cd>ATSISK</Cd></Prtry></BkTxCd><NtryDtls><Btch><NbOfTxs>1</NbOfTxs></Btch><TxDtls><Amt Ccy="EUR">136369.96</Amt></TxDtls></NtryDtls></Ntry><Ntry><NtryRef>REF000014774704</NtryRef><Amt Ccy="EUR">6037</Amt><CdtDbtInd>DBIT</CdtDbtInd><AcctSvcrRef>REF000014784477</AcctSvcrRef><BkTxCd><Prtry><Cd>ATSISK</Cd></Prtry></BkTxCd><NtryDtls><Btch><NbOfTxs>1</NbOfTxs></Btch><TxDtls><Amt Ccy="EUR">6037</Amt></TxDtls></NtryDtls></Ntry><Ntry><NtryRef>REF000014791655</NtryRef><Amt Ccy="EUR">1247.01</Amt><CdtDbtInd>DBIT</CdtDbtInd><AcctSvcrRef>REF000014805284</AcctSvcrRef><BkTxCd><Prtry><Cd>ATSISK</Cd></Prtry></BkTxCd><NtryDtls><Btch><NbOfTxs>5</NbOfTxs></Btch><TxDtls><Amt Ccy="EUR">1247.01</Amt></TxDtls></NtryDtls></Ntry><Ntry><NtryRef>REF000014817243</NtryRef><Amt Ccy="EUR">181760</Amt><CdtDbtInd>CRDT</CdtDbtInd><AcctSvcrRef>REF000014826477</AcctSvcrRef><BkTxCd><Prtry><Cd>ATSISK</Cd></Prtry></BkTxCd><NtryDtls><Btch><NbOfTxs>1</NbOfTxs></Btch><TxDtls><Amt Ccy="EUR">181760</Amt></TxDtls></NtryDtls></Ntry></Stmt></BkToCstmrStmt></Document>
