<?xml version='1.0' encoding='utf-8'?>
<Document xmlns="urn:iso:std:iso:20022:tech:xsd:camt.053.001.08"><BkToCstmrStmt><GrpHdr><MsgId>MSG85943600-MFLMRM</MsgId><CreDtTm>2024-10-07T19:48:23.606+03:00</CreDtTm><MsgPgntn><PgNb>1</PgNb><LastPgInd>true</LastPgInd></MsgPgntn><OrgnlBizQry><MsgId>MSG28887055-XISVSH</MsgId></OrgnlBizQry></GrpHdr><Stmt><Id>MSG94412541-ZTEAUZ</Id><Acct><Id><Othr><Id>LT625883379695428516</Id></Othr></Id><Tp><Prtry>ATSISK</Prtry></Tp><Ccy>EUR</Ccy><Ownr><Id><OrgId><AnyBIC>DEUTBEB4NDX</AnyBIC></OrgId></Id></Ownr></Acct><Bal><Tp><CdOrPrtry><Cd>OPBD</Cd></CdOrPrtry></Tp><Amt Ccy="EUR">20648765.62</Amt><Dt><Dt>2024-10-07</Dt></Dt><Avlbty><Amt Ccy="EUR">20647765.62</Amt></Avlbty></Bal><Bal><Tp><CdOrPrtry><Cd>CLBD</Cd></CdOrPrtry></Tp><Amt Ccy="EUR">20707626.13</Amt><Dt><Dt>2024-10-07</Dt></Dt><Avlbty><Amt Ccy="EUR">20706626.13</Amt></Avlbty></Bal><Ntry><NtryRef>REF000024498267</NtryRef><Amt Ccy="EUR">150</Amt><CdtDbtInd>DBIT</CdtDbtInd><AcctSvcrRef>REF000024504440</AcctSvcrRef><BkTxCd><Prtry><Cd>ATSISK</Cd></Prtry></BkTxCd><NtryDtls><Btch><NbOfTxs>1</NbOfTxs></Btch><TxDtls><Amt Ccy="EUR">150</Amt></TxDtls></NtryDtls></Ntry><Ntry><NtryRef>REF000024517264</NtryRef><Amt Ccy="EUR">543.89</Amt><CdtDbtInd>DBIT</CdtDbtInd><AcctSvcrRef>REF000024526646</AcctSvcrRef><BkTxCd><Prtry><Cd>ATSISK</Cd></Prtry></BkTxCd><NtryDtls><Btch><NbOfTxs>2</NbOfTxs></Btch><TxDtls><Amt Ccy="EUR">543.89</Amt></TxDtls></NtryDtls></Ntry><Ntry><NtryRef>REF000024531092</NtryRef><Amt Ccy="EUR">796273.88</Amt><CdtDbtInd>CRDT</CdtDbtInd><AcctSvcrRef>REF000024545239</AcctSvcrRef><BkTxCd><Prtry><Cd>ATSISK</Cd></Prtry></BkTxCd><NtryDtls><Btch><NbOfTxs>355</NbOfTxs></Btch><TxDtls><Amt Ccy="EUR">796273.88</Amt></TxDtls></NtryDtls></Ntry><Ntry><NtryRef>REF000024551734</NtryRef><Amt Ccy="EUR">679555.12</Amt><CdtDbtInd>DBIT</CdtDbtInd><AcctSvcrRef>REF000024569955</AcctSvcrRef><BkTxCd><Prtry><Cd>KLIRNG</Cd></Prtry></BkTxCd><NtryDtls><Btch><NbOfTxs>8</NbOfTxs></Btch><TxDtls><Amt Ccy="EUR">679555.12</Amt></TxDtls></NtryDtls></Ntry><Ntry><NtryRef>REF000024579900</NtryRef><Amt Ccy="EUR">56449</Amt><CdtDbtInd>DBIT</CdtDbtInd><AcctSvcrRef>REF000024589124</AcctSvcrRef><BkTxCd><Prtry><Cd>ATSISK</Cd></Prtry></BkTxCd><NtryDtls><Btch><NbOfTxs>1</NbOfTxs></Btch><TxDtls><Amt Ccy="EUR">56449</Amt></TxDtls></NtryDtls></Ntry><Ntry><NtryRef>REF000024594704</NtryRef><Amt Ccy="EUR">20</Amt><CdtDbtInd>CRDT</CdtDbtInd><AcctSvcrRef>REF000024604477</AcctSvcrRef><BkTxCd><Prtry><Cd>ATSISK</Cd></Prtry></BkTxCd><NtryDtls><Btch><NbOfTxs>1</NbOfTxs></Btch><TxDtls><Amt Ccy="EUR">20</Amt></TxDtls></NtryDtls></Ntry><Ntry><NtryRef>REF000024617974</NtryRef><Amt Ccy="EUR">0.36</Amt><CdtDbtInd>DBIT</CdtDbtInd><AcctSvcrRef>REF000024624622</AcctSvcrRef><BkTxCd><Prtry><Cd>ATSISK</Cd></Prtry></BkTxCd><NtryDtls><Btch><NbOfTxs>1</NbOfTxs></Btch><TxDtls><Amt Ccy="EUR">0.36</Amt></TxDtls></NtryDtls></Ntry><Ntry><NtryRef>REF000024631655</NtryRef><Amt Ccy="EUR">735</Amt><CdtDbtInd>DBIT</CdtDbtInd><AcctSvcrRef>REF000024645284</AcctSvcrRef><BkTxCd><Prtry><Cd>ATSISK</Cd></Prtry></BkTxCd><NtryDtls><Btch><NbOfTxs>3</NbOfTxs></Btch><TxDtls><Amt Ccy="EUR">735</Amt></TxDtls></NtryDtls></Ntry></Stmt></BkToCstmrStmt></Document>
