<?xml version='1.0' encoding='utf-8'?>
<Document xmlns="urn:iso:std:iso:20022:tech:xsd:camt.053.001.08"><BkToCstmrStmt><GrpHdr><MsgId>MSG85943600-MFLMRM</MsgId><CreDtTm>2024-09-23T19:48:15.781+03:00</CreDtTm><MsgPgntn><PgNb>1</PgNb><LastPgInd>true</LastPgInd></MsgPgntn><OrgnlBizQry><MsgId>MSG69057640-ABTRFJ</MsgId></OrgnlBizQry></GrpHdr><Stmt><Id>MSG87144967-IWTRSC</Id><Acct><Id><Othr><Id>LT625883379695428516</Id></Othr></Id><Tp><Prtry>ATSISK</Prtry></Tp><Ccy>EUR</Ccy><Ownr><Id><OrgId><AnyBIC>DEUTBEB4NDX</AnyBIC></OrgId></Id></Ownr></Acct><Bal><Tp><CdOrPrtry><Cd>OPBD</Cd></CdOrPrtry></Tp><Amt Ccy="EUR">21216101.09</Amt><Dt><Dt>2024-09-23</Dt></Dt><Avlbty><Amt Ccy="EUR">21215101.09</Amt></Avlbty></Bal><Bal><Tp><CdOrPrtry><Cd>CLBD</Cd></CdOrPrtry></Tp><Amt Ccy="EUR">19592291.21</Amt><Dt><Dt>2024-09-23</Dt></Dt><Avlbty><Amt Ccy="EUR">19591291.21</Amt></Avlbty></Bal><Ntry><NtryRef>REF000022711092</NtryRef><Amt Ccy="EUR">860439.3</Amt><CdtDbtInd>CRDT</CdtDbtInd><AcctSvcrRef>REF000022725239</AcctSvcrRef><BkTxCd><Prtry><Cd>ATSISK</Cd></Prtry></BkTxCd><NtryDtls><Btch><NbOfTxs>228</NbOfTxs></Btch><TxDtls><Amt Ccy="EUR">860439.3</Amt></TxDtls></NtryDtls></Ntry><Ntry><NtryRef>REF000022731092</NtryRef><Amt Ccy="EUR">517.95</Amt><CdtDbtInd>DBIT</CdtDbtInd><AcctSvcrRef>REF000022745239</AcctSvcrRef><BkTxCd><Prtry><Cd>ATSISK</Cd></Prtry></BkTxCd><NtryDtls><Btch><NbOfTxs>1</NbOfTxs></Btch><TxDtls><Amt Ccy="EUR">517.95</Amt></TxDtls></NtryDtls></Ntry><Ntry><NtryRef>REF000022751734</NtryRef><Amt Ccy="EUR">799296.13</Amt><CdtDbtInd>DBIT</CdtDbtInd><AcctSvcrRef>REF000022769955</AcctSvcrRef><BkTxCd><Prtry><Cd>KLIRNG</Cd></Prtry></BkTxCd><NtryDtls><Btch><NbOfTxs>8</NbOfTxs></Btch><TxDtls><Amt Ccy="EUR">799296.13</Amt></TxDtls></NtryDtls></Ntry><Ntry><NtryRef>REF000022775235</NtryRef><Amt Ccy="EUR">1490668</Amt><CdtDbtInd>DBIT</CdtDbtInd><AcctSvcrRef>REF000022788309</AcctSvcrRef><BkTxCd><Prtry><Cd>ATSISK</Cd></Prtry></BkTxCd><NtryDtls><Btch><NbOfTxs>4</NbOfTxs></Btch><TxDtls><Amt Ccy="EUR">1490668</Amt></TxDtls></NtryDtls></Ntry><Ntry><NtryRef>REF000022799900</NtryRef><Amt Ccy="EUR">40635</Amt><CdtDbtInd>DBIT</CdtDbtInd><AcctSvcrRef>REF000022809124</AcctSvcrRef><BkTxCd><Prtry><Cd>ATSISK</Cd></Prtry></BkTxCd><NtryDtls><Btch><NbOfTxs>3</NbOfTxs></Btch><TxDtls><Amt Ccy="EUR">40635</Amt></TxDtls></NtryDtls></Ntry><Ntry><NtryRef>REF000022814704</NtryRef><Amt Ccy="EUR">250588</Amt><CdtDbtInd>DBIT</CdtDbtInd><AcctSvcrRef>REF000022824477</AcctSvcrRef><BkTxCd><Prtry><Cd>ATSISK</Cd></Prtry></BkTxCd><NtryDtls><Btch><NbOfTxs>1</NbOfTxs></Btch><TxDtls><Amt Ccy="EUR">250588</Amt></TxDtls></NtryDtls></Ntry><Ntry><NtryRef>REF000022831655</NtryRef><Amt Ccy="EUR">985.4</Amt><CdtDbtInd>CRDT</CdtDbtInd><AcctSvcrRef>REF000022845284</AcctSvcrRef><BkTxCd><Prtry><Cd>ATSISK</Cd></Prtry></BkTxCd><NtryDtls><Btch><NbOfTxs>1</NbOfTxs></Btch><TxDtls><Amt Ccy="EUR">985.4</Amt></TxDtls></NtryDtls></Ntry><Ntry><NtryRef>REF000022851655</NtryRef><Amt Ccy="EUR">2485.4</Amt><CdtDbtInd>DBIT</CdtDbtInd><AcctSvcrRef>REF000022865284</AcctSvcrRef><BkTxCd><Prtry><Cd>ATSISK</Cd></Prtry></BkTxCd><NtryDtls><Btch><NbOfTxs>2</NbOfTxs></Btch><TxDtls><Amt Ccy="EUR">2485.4</Amt></TxDtls></NtryDtls></Ntry><Ntry><NtryRef>REF000022877243</NtryRef><Amt Ccy="EUR">98955.9</Amt><CdtDbtInd>CRDT</CdtDbtInd><AcctSvcrRef>REF000022886477</AcctSvcrRef><BkTxCd><Prtry><Cd>ATSISK</Cd></Prtry></BkTxCd><NtryDtls><Btch><NbOfTxs>1</NbOfTxs></Btch><TxDtls><Amt Ccy="EUR">98955.9</Amt></TxDtls></NtryDtls></Ntry></Stmt></BkToCstmrStmt></Document>
