<?xml version='1.0' encoding='utf-8'?>
<Document xmlns="urn:iso:std:iso:20022:tech:xsd:camt.053.001.08"><BkToCstmrStmt><GrpHdr><MsgId>MSG85943600-MFLMRM</MsgId><CreDtTm>2024-03-25T19:48:23.389+02:00</CreDtTm><MsgPgntn><PgNb>2</PgNb><LastPgInd>true</LastPgInd></MsgPgntn><OrgnlBizQry><MsgId>MSG70511156-KDUUHO</MsgId></OrgnlBizQry></GrpHdr><Stmt><Id>MSG66450036-VVYGTP</Id><Acct><Id><Othr><Id>LT625883379695428516</Id></Othr></Id><Tp><Prtry>ATSISK</Prtry></Tp><Ccy>EUR</Ccy><Ownr><Id><OrgId><AnyBIC>DEUTBEB4NDX</AnyBIC></OrgId></Id></Ownr></Acct><Bal><Tp><CdOrPrtry><Cd>OPBD</Cd></CdOrPrtry></Tp><Amt Ccy="EUR">20440127.61</Amt><Dt><Dt>2024-03-25</Dt></Dt><Avlbty><Amt Ccy="EUR">20439127.61</Amt></Avlbty></Bal><Bal><Tp><CdOrPrtry><Cd>CLBD</Cd></CdOrPrtry></Tp><Amt Ccy="EUR">18360574.52</Amt><Dt><Dt>2024-03-25</Dt></Dt><Avlbty><Amt Ccy="EUR">18359574.52</Amt></Avlbty></Bal><Ntry><NtryRef>REF000001839665</NtryRef><Amt Ccy="EUR">16325</Amt><CdtDbtInd>CRDT</CdtDbtInd><AcctSvcrRef>REF000001846020</AcctSvcrRef><BkTxCd><Prtry><Cd>ATSISK</Cd></Prtry></BkTxCd><NtryDtls><Btch><NbOfTxs>1</NbOfTxs></Btch><TxDtls><Amt Ccy="EUR">16325</Amt></TxDtls></NtryDtls></Ntry><Ntry><NtryRef>REF000001859665</NtryRef><Amt Ccy="EUR">16325</Amt><CdtDbtInd>DBIT</CdtDbtInd><AcctSvcrRef>REF000001866020</AcctSvcrRef><BkTxCd><Prtry><Cd>ATSISK</Cd></Prtry></BkTxCd><NtryDtls><Btch><NbOfTxs>1</NbOfTxs></Btch><TxDtls><Amt Ccy="EUR">16325</Amt></TxDtls></NtryDtls></Ntry><Ntry><NtryRef>REF000001871092</NtryRef><Amt Ccy="EUR">515772.71</Amt><CdtDbtInd>CRDT</CdtDbtInd><AcctSvcrRef>REF000001885239</AcctSvcrRef><BkTxCd><Prtry><Cd>ATSISK</Cd></Prtry></BkTxCd><NtryDtls><Btch><NbOfTxs>106</NbOfTxs></Btch><TxDtls><Amt Ccy="EUR">515772.71</Amt></TxDtls></NtryDtls></Ntry><Ntry><NtryRef>REF000001891092</NtryRef><Amt Ccy="EUR">493.5</Amt><CdtDbtInd>DBIT</CdtDbtInd><AcctSvcrRef>REF000001905239</AcctSvcrRef><BkTxCd><Prtry><Cd>ATSISK</Cd></Prtry></BkTxCd><NtryDtls><Btch><NbOfTxs>1</NbOfTxs></Btch><TxDtls><Amt Ccy="EUR">493.5</Amt></TxDtls></NtryDtls></Ntry><Ntry><NtryRef>REF000001911331</NtryRef><Amt Ccy="EUR">5773</Amt><CdtDbtInd>DBIT</CdtDbtInd><AcctSvcrRef>REF000001921748</AcctSvcrRef><BkTxCd><Prtry><Cd>ATSISK</Cd></Prtry></BkTxCd><NtryDtls><Btch><NbOfTxs>1</NbOfTxs></Btch><TxDtls><Amt Ccy="EUR">5773</Amt></TxDtls></NtryDtls></Ntry><Ntry><NtryRef>REF000001931734</NtryRef><Amt Ccy="EUR">487638.53</Amt><CdtDbtInd>DBIT</CdtDbtInd><AcctSvcrRef>REF000001949955</AcctSvcrRef><BkTxCd><Prtry><Cd>KLIRNG</Cd></Prtry></BkTxCd><NtryDtls><Btch><NbOfTxs>5</NbOfTxs></Btch><TxDtls><Amt Ccy="EUR">487638.53</Amt></TxDtls></NtryDtls></Ntry><Ntry><NtryRef>REF000001955235</NtryRef><Amt Ccy="EUR">1008600.73</Amt><CdtDbtInd>DBIT</CdtDbtInd><AcctSvcrRef>REF000001968309</AcctSvcrRef><BkTxCd><Prtry><Cd>ATSISK</Cd></Prtry></BkTxCd><NtryDtls><Btch><NbOfTxs>4</NbOfTxs></Btch><TxDtls><Amt Ccy="EUR">1008600.73</Amt></TxDtls></NtryDtls></Ntry><Ntry><NtryRef>REF000001979900</NtryRef><Amt Ccy="EUR">1016254.68</Amt><CdtDbtInd>DBIT</CdtDbtInd><AcctSvcrRef>REF000001989124</AcctSvcrRef><BkTxCd><Prtry><Cd>ATSISK</Cd></Prtry></BkTxCd><NtryDtls><Btch><NbOfTxs>2</NbOfTxs></Btch><TxDtls><Amt Ccy="EUR">1016254.68</Amt></TxDtls></NtryDtls></Ntry><Ntry><NtryRef>REF000001996776</NtryRef><Amt Ccy="EUR">350</Amt><CdtDbtInd>CRDT</CdtDbtInd><AcctSvcrRef>REF000002004080</AcctSvcrRef><BkTxCd><Prtry><Cd>ATSISK</Cd></Prtry></BkTxCd><NtryDtls><Btch><NbOfTxs>2</NbOfTxs></Btch><TxDtls><Amt Ccy="EUR">350</Amt></TxDtls></NtryDtls></Ntry><Ntry><NtryRef>REF000002016776</NtryRef><Amt Ccy="EUR">4</Amt><CdtDbtInd>DBIT</CdtDbtInd><AcctSvcrRef>REF000002024080</AcctSvcrRef><BkTxCd><Prtry><Cd>ATSISK</Cd></Prtry></BkTxCd><NtryDtls><Btch><NbOfTxs>1</NbOfTxs></Btch><TxDtls><Amt Ccy="EUR">4</Amt></TxDtls></NtryDtls></Ntry><Ntry><NtryRef>REF000002032615</NtryRef><Amt Ccy="EUR">60170.36</Amt><CdtDbtInd>DBIT</CdtDbtInd><AcctSvcrRef>REF000002047676</AcctSvcrRef><BkTxCd><Prtry><Cd>ATSISK</Cd></Prtry></BkTxCd><NtryDtls><Btch><NbOfTxs>1</NbOfTxs></Btch><TxDtls><Amt Ccy="EUR">60170.36</Amt></TxDtls></NtryDtls></Ntry><Ntry><NtryRef>REF000002054093</NtryRef><Amt Ccy="EUR">16741</Amt><CdtDbtInd>DBIT</CdtDbtInd><AcctSvcrRef>REF000002063955</AcctSvcrRef><BkTxCd><Prtry><Cd>ATSISK</Cd></Prtry></BkTxCd><NtryDtls><Btch><NbOfTxs>1</NbOfTxs></Btch><TxDtls><Amt Ccy="EUR">16741</Amt></TxDtls></NtryDtls></Ntry></Stmt><Stmt><Id>MSG46927755-MEOGWZ</Id><Acct><Id><Othr><Id>LT414319056143772570</Id></Othr></Id><Tp><Prtry>ATSSK2</Prtry></Tp><Ccy>EUR</Ccy><Ownr><Id><OrgId><AnyBIC>DEUTBEB4NDX</AnyBIC></OrgId></Id></Ownr></Acct><Bal><Tp><CdOrPrtry><Cd>OPBD</Cd></CdOrPrtry></Tp><Amt Ccy="EUR">2801.55</Amt><Dt><Dt>2024-03-25</Dt></Dt><Avlbty><Amt Ccy="EUR">2801.55</Amt></Avlbty></Bal><Bal><Tp><CdOrPrtry><Cd>CLBD</Cd></CdOrPrtry></Tp><Amt Ccy="EUR">2801.55</Amt><Dt><Dt>2024-03-25</Dt></Dt><Avlbty><Amt Ccy="EUR">2801.55</Amt></Avlbty></Bal></Stmt></BkToCstmrStmt></Document>
