<?xml version='1.0' encoding='utf-8'?>
<Document xmlns="urn:iso:std:iso:20022:tech:xsd:camt.053.001.08"><BkToCstmrStmt><GrpHdr><MsgId>MSG85943600-MFLMRM</MsgId><CreDtTm>2024-09-17T20:01:17.545+03:00</CreDtTm><MsgPgntn><PgNb>1</PgNb><LastPgInd>true</LastPgInd></MsgPgntn><OrgnlBizQry><MsgId>MSG81137606-JHKDVK</MsgId></OrgnlBizQry></GrpHdr><Stmt><Id>MSG86513046-BLSSYN</Id><Acct><Id><Othr><Id>LT625883379695428516</Id></Othr></Id><Tp><Prtry>ATSISK</Prtry></Tp><Ccy>EUR</Ccy><Ownr><Id><OrgId><AnyBIC>DEUTBEB4NDX</AnyBIC></OrgId></Id></Ownr></Acct><Bal><Tp><CdOrPrtry><Cd>OPBD</Cd></CdOrPrtry></Tp><Amt Ccy="EUR">20238755.93</Amt><Dt><Dt>2024-09-17</Dt></Dt><Avlbty><Amt Ccy="EUR">20237755.93</Amt></Avlbty></Bal><Bal><Tp><CdOrPrtry><Cd>CLBD</Cd></CdOrPrtry></Tp><Amt Ccy="EUR">20127336.96</Amt><Dt><Dt>2024-09-17</Dt></Dt><Avlbty><Amt Ccy="EUR">20126336.96</Amt></Avlbty></Bal><Ntry><NtryRef>REF000021918267</NtryRef><Amt Ccy="EUR">1885.7</Amt><CdtDbtInd>CRDT</CdtDbtInd><AcctSvcrRef>REF000021924440</AcctSvcrRef><BkTxCd><Prtry><Cd>ATSISK</Cd></Prtry></BkTxCd><NtryDtls><Btch><NbOfTxs>1</NbOfTxs></Btch><TxDtls><Amt Ccy="EUR">1885.7</Amt></TxDtls></NtryDtls></Ntry><Ntry><NtryRef>REF000021931558</NtryRef><Amt Ccy="EUR">20325</Amt><CdtDbtInd>DBIT</CdtDbtInd><AcctSvcrRef>REF000021943800</AcctSvcrRef><BkTxCd><Prtry><Cd>ATSISK</Cd></Prtry></BkTxCd><NtryDtls><Btch><NbOfTxs>2</NbOfTxs></Btch><TxDtls><Amt Ccy="EUR">20325</Amt></TxDtls></NtryDtls></Ntry><Ntry><NtryRef>REF000021953248</NtryRef><Amt Ccy="EUR">70</Amt><CdtDbtInd>DBIT</CdtDbtInd><AcctSvcrRef>REF000021966048</AcctSvcrRef><BkTxCd><Prtry><Cd>ATSISK</Cd></Prtry></BkTxCd><NtryDtls><Btch><NbOfTxs>1</NbOfTxs></Btch><TxDtls><Amt Ccy="EUR">70</Amt></TxDtls></NtryDtls></Ntry><Ntry><NtryRef>REF000021978280</NtryRef><Amt Ccy="EUR">196558.59</Amt><CdtDbtInd>CRDT</CdtDbtInd><AcctSvcrRef>REF000021981452</AcctSvcrRef><BkTxCd><Prtry><Cd>ATSISK</Cd></Prtry></BkTxCd><NtryDtls><Btch><NbOfTxs>4</NbOfTxs></Btch><TxDtls><Amt Ccy="EUR">196558.59</Amt></TxDtls></NtryDtls></Ntry><Ntry><NtryRef>REF000021991092</NtryRef><Amt Ccy="EUR">1521329.27</Amt><CdtDbtInd>CRDT</CdtDbtInd><AcctSvcrRef>REF000022005239</AcctSvcrRef><BkTxCd><Prtry><Cd>ATSISK</Cd></Prtry></BkTxCd><NtryDtls><Btch><NbOfTxs>711</NbOfTxs></Btch><TxDtls><Amt Ccy="EUR">1521329.27</Amt></TxDtls></NtryDtls></Ntry><Ntry><NtryRef>REF000022018851</NtryRef><Amt Ccy="EUR">300</Amt><CdtDbtInd>CRDT</CdtDbtInd><AcctSvcrRef>REF000022021558</AcctSvcrRef><BkTxCd><Prtry><Cd>ATSISK</Cd></Prtry></BkTxCd><NtryDtls><Btch><NbOfTxs>1</NbOfTxs></Btch><TxDtls><Amt Ccy="EUR">300</Amt></TxDtls></NtryDtls></Ntry><Ntry><NtryRef>REF000022031734</NtryRef><Amt Ccy="EUR">158924.53</Amt><CdtDbtInd>DBIT</CdtDbtInd><AcctSvcrRef>REF000022049955</AcctSvcrRef><BkTxCd><Prtry><Cd>KLIRNG</Cd></Prtry></BkTxCd><NtryDtls><Btch><NbOfTxs>7</NbOfTxs></Btch><TxDtls><Amt Ccy="EUR">158924.53</Amt></TxDtls></NtryDtls></Ntry><Ntry><NtryRef>REF000022055235</NtryRef><Amt Ccy="EUR">1527204</Amt><CdtDbtInd>DBIT</CdtDbtInd><AcctSvcrRef>REF000022068309</AcctSvcrRef><BkTxCd><Prtry><Cd>ATSISK</Cd></Prtry></BkTxCd><NtryDtls><Btch><NbOfTxs>4</NbOfTxs></Btch><TxDtls><Amt Ccy="EUR">1527204</Amt></TxDtls></NtryDtls></Ntry><Ntry><NtryRef>REF000022079900</NtryRef><Amt Ccy="EUR">23416</Amt><CdtDbtInd>DBIT</CdtDbtInd><AcctSvcrRef>REF000022089124</AcctSvcrRef><BkTxCd><Prtry><Cd>ATSISK</Cd></Prtry></BkTxCd><NtryDtls><Btch><NbOfTxs>1</NbOfTxs></Btch><TxDtls><Amt Ccy="EUR">23416</Amt></TxDtls></NtryDtls></Ntry><Ntry><NtryRef>REF000022098785</NtryRef><Amt Ccy="EUR">40417</Amt><CdtDbtInd>DBIT</CdtDbtInd><AcctSvcrRef>REF000022102159</AcctSvcrRef><BkTxCd><Prtry><Cd>ATSISK</Cd></Prtry></BkTxCd><NtryDtls><Btch><NbOfTxs>1</NbOfTxs></Btch><TxDtls><Amt Ccy="EUR">40417</Amt></TxDtls></NtryDtls></Ntry><Ntry><NtryRef>REF000022114704</NtryRef><Amt Ccy="EUR">10336</Amt><CdtDbtInd>DBIT</CdtDbtInd><AcctSvcrRef>REF000022124477</AcctSvcrRef><BkTxCd><Prtry><Cd>ATSISK</Cd></Prtry></BkTxCd><NtryDtls><Btch><NbOfTxs>1</NbOfTxs></Btch><TxDtls><Amt Ccy="EUR">10336</Amt></TxDtls></NtryDtls></Ntry><Ntry><NtryRef>REF000022131655</NtryRef><Amt Ccy="EUR">50800</Amt><CdtDbtInd>DBIT</CdtDbtInd><AcctSvcrRef>REF000022145284</AcctSvcrRef><BkTxCd><Prtry><Cd>ATSISK</Cd></Prtry></BkTxCd><NtryDtls><Btch><NbOfTxs>1</NbOfTxs></Btch><TxDtls><Amt Ccy="EUR">50800</Amt></TxDtls></NtryDtls></Ntry></Stmt></BkToCstmrStmt></Document>
