<?xml version='1.0' encoding='utf-8'?>
<Document xmlns="urn:iso:std:iso:20022:tech:xsd:camt.053.001.08"><BkToCstmrStmt><GrpHdr><MsgId>MSG85943600-MFLMRM</MsgId><CreDtTm>2024-03-21T19:48:18.386+02:00</CreDtTm><MsgPgntn><PgNb>2</PgNb><LastPgInd>true</LastPgInd></MsgPgntn><OrgnlBizQry><MsgId>MSG68231111-MVHVBK</MsgId></OrgnlBizQry></GrpHdr><Stmt><Id>MSG87654701-GZOPGV</Id><Acct><Id><Othr><Id>LT625883379695428516</Id></Othr></Id><Tp><Prtry>ATSISK</Prtry></Tp><Ccy>EUR</Ccy><Ownr><Id><OrgId><AnyBIC>DEUTBEB4NDX</AnyBIC></OrgId></Id></Ownr></Acct><Bal><Tp><CdOrPrtry><Cd>OPBD</Cd></CdOrPrtry></Tp><Amt Ccy="EUR">19536402.5</Amt><Dt><Dt>2024-03-21</Dt></Dt><Avlbty><Amt Ccy="EUR">19535402.5</Amt></Avlbty></Bal><Bal><Tp><CdOrPrtry><Cd>CLBD</Cd></CdOrPrtry></Tp><Amt Ccy="EUR">19227508.73</Amt><Dt><Dt>2024-03-21</Dt></Dt><Avlbty><Amt Ccy="EUR">19226508.73</Amt></Avlbty></Bal><Ntry><NtryRef>REF000001451558</NtryRef><Amt Ccy="EUR">659176.99</Amt><CdtDbtInd>DBIT</CdtDbtInd><AcctSvcrRef>REF000001463800</AcctSvcrRef><BkTxCd><Prtry><Cd>ATSISK</Cd></Prtry></BkTxCd><NtryDtls><Btch><NbOfTxs>2</NbOfTxs></Btch><TxDtls><Amt Ccy="EUR">659176.99</Amt></TxDtls></NtryDtls></Ntry><Ntry><NtryRef>REF000001471092</NtryRef><Amt Ccy="EUR">1065427.56</Amt><CdtDbtInd>CRDT</CdtDbtInd><AcctSvcrRef>REF000001485239</AcctSvcrRef><BkTxCd><Prtry><Cd>ATSISK</Cd></Prtry></BkTxCd><NtryDtls><Btch><NbOfTxs>288</NbOfTxs></Btch><TxDtls><Amt Ccy="EUR">1065427.56</Amt></TxDtls></NtryDtls></Ntry><Ntry><NtryRef>REF000001491734</NtryRef><Amt Ccy="EUR">468220.5</Amt><CdtDbtInd>DBIT</CdtDbtInd><AcctSvcrRef>REF000001509955</AcctSvcrRef><BkTxCd><Prtry><Cd>KLIRNG</Cd></Prtry></BkTxCd><NtryDtls><Btch><NbOfTxs>6</NbOfTxs></Btch><TxDtls><Amt Ccy="EUR">468220.5</Amt></TxDtls></NtryDtls></Ntry><Ntry><NtryRef>REF000001516050</NtryRef><Amt Ccy="EUR">100001.01</Amt><CdtDbtInd>DBIT</CdtDbtInd><AcctSvcrRef>REF000001521303</AcctSvcrRef><BkTxCd><Prtry><Cd>ATSISK</Cd></Prtry></BkTxCd><NtryDtls><Btch><NbOfTxs>1</NbOfTxs></Btch><TxDtls><Amt Ccy="EUR">100001.01</Amt></TxDtls></NtryDtls></Ntry><Ntry><NtryRef>REF000001536776</NtryRef><Amt Ccy="EUR">29.72</Amt><CdtDbtInd>CRDT</CdtDbtInd><AcctSvcrRef>REF000001544080</AcctSvcrRef><BkTxCd><Prtry><Cd>ATSISK</Cd></Prtry></BkTxCd><NtryDtls><Btch><NbOfTxs>1</NbOfTxs></Btch><TxDtls><Amt Ccy="EUR">29.72</Amt></TxDtls></NtryDtls></Ntry><Ntry><NtryRef>REF000001552615</NtryRef><Amt Ccy="EUR">145999.55</Amt><CdtDbtInd>DBIT</CdtDbtInd><AcctSvcrRef>REF000001567676</AcctSvcrRef><BkTxCd><Prtry><Cd>ATSISK</Cd></Prtry></BkTxCd><NtryDtls><Btch><NbOfTxs>2</NbOfTxs></Btch><TxDtls><Amt Ccy="EUR">145999.55</Amt></TxDtls></NtryDtls></Ntry><Ntry><NtryRef>REF000001577974</NtryRef><Amt Ccy="EUR">2</Amt><CdtDbtInd>DBIT</CdtDbtInd><AcctSvcrRef>REF000001584622</AcctSvcrRef><BkTxCd><Prtry><Cd>ATSISK</Cd></Prtry></BkTxCd><NtryDtls><Btch><NbOfTxs>1</NbOfTxs></Btch><TxDtls><Amt Ccy="EUR">2</Amt></TxDtls></NtryDtls></Ntry><Ntry><NtryRef>REF000001599407</NtryRef><Amt Ccy="EUR">951</Amt><CdtDbtInd>DBIT</CdtDbtInd><AcctSvcrRef>REF000001609658</AcctSvcrRef><BkTxCd><Prtry><Cd>ATSISK</Cd></Prtry></BkTxCd><NtryDtls><Btch><NbOfTxs>1</NbOfTxs></Btch><TxDtls><Amt Ccy="EUR">951</Amt></TxDtls></NtryDtls></Ntry></Stmt><Stmt><Id>MSG74503530-EROURS</Id><Acct><Id><Othr><Id>LT414319056143772570</Id></Othr></Id><Tp><Prtry>ATSSK2</Prtry></Tp><Ccy>EUR</Ccy><Ownr><Id><OrgId><AnyBIC>DEUTBEB4NDX</AnyBIC></OrgId></Id></Ownr></Acct><Bal><Tp><CdOrPrtry><Cd>OPBD</Cd></CdOrPrtry></Tp><Amt Ccy="EUR">4801.55</Amt><Dt><Dt>2024-03-21</Dt></Dt><Avlbty><Amt Ccy="EUR">4801.55</Amt></Avlbty></Bal><Bal><Tp><CdOrPrtry><Cd>CLBD</Cd></CdOrPrtry></Tp><Amt Ccy="EUR">4801.55</Amt><Dt><Dt>2024-03-21</Dt></Dt><Avlbty><Amt Ccy="EUR">4801.55</Amt></Avlbty></Bal></Stmt></BkToCstmrStmt></Document>
