<?xml version='1.0' encoding='utf-8'?>
<Document xmlns="urn:iso:std:iso:20022:tech:xsd:camt.053.001.08"><BkToCstmrStmt><GrpHdr><MsgId>MSG85943600-MFLMRM</MsgId><CreDtTm>2024-07-05T19:47:20.832+03:00</CreDtTm><MsgPgntn><PgNb>2</PgNb><LastPgInd>true</LastPgInd></MsgPgntn><OrgnlBizQry><MsgId>MSG50080935-VDYUGE</MsgId></OrgnlBizQry></GrpHdr><Stmt><Id>MSG91500427-VIDDYH</Id><Acct><Id><Othr><Id>LT414319056143772570</Id></Othr></Id><Tp><Prtry>ATSSK2</Prtry></Tp><Ccy>EUR</Ccy><Ownr><Id><OrgId><AnyBIC>DEUTBEB4NDX</AnyBIC></OrgId></Id></Ownr></Acct><Bal><Tp><CdOrPrtry><Cd>OPBD</Cd></CdOrPrtry></Tp><Amt Ccy="EUR">801.55</Amt><Dt><Dt>2024-07-05</Dt></Dt><Avlbty><Amt Ccy="EUR">801.55</Amt></Avlbty></Bal><Bal><Tp><CdOrPrtry><Cd>CLBD</Cd></CdOrPrtry></Tp><Amt Ccy="EUR">801.55</Amt><Dt><Dt>2024-07-05</Dt></Dt><Avlbty><Amt Ccy="EUR">801.55</Amt></Avlbty></Bal></Stmt><Stmt><Id>MSG26700922-EATDEW</Id><Acct><Id><Othr><Id>LT625883379695428516</Id></Othr></Id><Tp><Prtry>ATSISK</Prtry></Tp><Ccy>EUR</Ccy><Ownr><Id><OrgId><AnyBIC>DEUTBEB4NDX</AnyBIC></OrgId></Id></Ownr></Acct><Bal><Tp><CdOrPrtry><Cd>OPBD</Cd></CdOrPrtry></Tp><Amt Ccy="EUR">14441694.16</Amt><Dt><Dt>2024-07-05</Dt></Dt><Avlbty><Amt Ccy="EUR">14440694.16</Amt></Avlbty></Bal><Bal><Tp><CdOrPrtry><Cd>CLBD</Cd></CdOrPrtry></Tp><Amt Ccy="EUR">14427150.02</Amt><Dt><Dt>2024-07-05</Dt></Dt><Avlbty><Amt Ccy="EUR">14426150.02</Amt></Avlbty></Bal><Ntry><NtryRef>REF000013771092</NtryRef><Amt Ccy="EUR">307162.81</Amt><CdtDbtInd>CRDT</CdtDbtInd><AcctSvcrRef>REF000013785239</AcctSvcrRef><BkTxCd><Prtry><Cd>ATSISK</Cd></Prtry></BkTxCd><NtryDtls><Btch><NbOfTxs>289</NbOfTxs></Btch><TxDtls><Amt Ccy="EUR">307162.81</Amt></TxDtls></NtryDtls></Ntry><Ntry><NtryRef>REF000013791734</NtryRef><Amt Ccy="EUR">272552.59</Amt><CdtDbtInd>DBIT</CdtDbtInd><AcctSvcrRef>REF000013809955</AcctSvcrRef><BkTxCd><Prtry><Cd>KLIRNG</Cd></Prtry></BkTxCd><NtryDtls><Btch><NbOfTxs>7</NbOfTxs></Btch><TxDtls><Amt Ccy="EUR">272552.59</Amt></TxDtls></NtryDtls></Ntry><Ntry><NtryRef>REF000013813697</NtryRef><Amt Ccy="EUR">10</Amt><CdtDbtInd>CRDT</CdtDbtInd><AcctSvcrRef>REF000013822611</AcctSvcrRef><BkTxCd><Prtry><Cd>ATSISK</Cd></Prtry></BkTxCd><NtryDtls><Btch><NbOfTxs>1</NbOfTxs></Btch><TxDtls><Amt Ccy="EUR">10</Amt></TxDtls></NtryDtls></Ntry><Ntry><NtryRef>REF000013833697</NtryRef><Amt Ccy="EUR">11</Amt><CdtDbtInd>DBIT</CdtDbtInd><AcctSvcrRef>REF000013842611</AcctSvcrRef><BkTxCd><Prtry><Cd>ATSISK</Cd></Prtry></BkTxCd><NtryDtls><Btch><NbOfTxs>1</NbOfTxs></Btch><TxDtls><Amt Ccy="EUR">11</Amt></TxDtls></NtryDtls></Ntry><Ntry><NtryRef>REF000013854704</NtryRef><Amt Ccy="EUR">9646.45</Amt><CdtDbtInd>DBIT</CdtDbtInd><AcctSvcrRef>REF000013864477</AcctSvcrRef><BkTxCd><Prtry><Cd>ATSISK</Cd></Prtry></BkTxCd><NtryDtls><Btch><NbOfTxs>1</NbOfTxs></Btch><TxDtls><Amt Ccy="EUR">9646.45</Amt></TxDtls></NtryDtls></Ntry><Ntry><NtryRef>REF000013879344</NtryRef><Amt Ccy="EUR">20000</Amt><CdtDbtInd>CRDT</CdtDbtInd><AcctSvcrRef>REF000013881099</AcctSvcrRef><BkTxCd><Prtry><Cd>ATSISK</Cd></Prtry></BkTxCd><NtryDtls><Btch><NbOfTxs>1</NbOfTxs></Btch><TxDtls><Amt Ccy="EUR">20000</Amt></TxDtls></NtryDtls></Ntry><Ntry><NtryRef>REF000013891655</NtryRef><Amt Ccy="EUR">61920</Amt><CdtDbtInd>DBIT</CdtDbtInd><AcctSvcrRef>REF000013905284</AcctSvcrRef><BkTxCd><Prtry><Cd>ATSISK</Cd></Prtry></BkTxCd><NtryDtls><Btch><NbOfTxs>4</NbOfTxs></Btch><TxDtls><Amt Ccy="EUR">61920</Amt></TxDtls></NtryDtls></Ntry><Ntry><NtryRef>REF000013917078</NtryRef><Amt Ccy="EUR">2413.09</Amt><CdtDbtInd>CRDT</CdtDbtInd><AcctSvcrRef>REF000013922822</AcctSvcrRef><BkTxCd><Prtry><Cd>ATSISK</Cd></Prtry></BkTxCd><NtryDtls><Btch><NbOfTxs>1</NbOfTxs></Btch><TxDtls><Amt Ccy="EUR">2413.09</Amt></TxDtls></NtryDtls></Ntry></Stmt></BkToCstmrStmt></Document>
