<?xml version='1.0' encoding='utf-8'?>
<Document xmlns="urn:iso:std:iso:20022:tech:xsd:camt.053.001.08"><BkToCstmrStmt><GrpHdr><MsgId>MSG85943600-MFLMRM</MsgId><CreDtTm>2024-10-08T19:47:20.680+03:00</CreDtTm><MsgPgntn><PgNb>1</PgNb><LastPgInd>true</LastPgInd></MsgPgntn><OrgnlBizQry><MsgId>MSG22991822-UMXXXX</MsgId></OrgnlBizQry></GrpHdr><Stmt><Id>MSG23235199-MWBXIU</Id><Acct><Id><Othr><Id>LT625883379695428516</Id></Othr></Id><Tp><Prtry>ATSISK</Prtry></Tp><Ccy>EUR</Ccy><Ownr><Id><OrgId><AnyBIC>DEUTBEB4NDX</AnyBIC></OrgId></Id></Ownr></Acct><Bal><Tp><CdOrPrtry><Cd>OPBD</Cd></CdOrPrtry></Tp><Amt Ccy="EUR">20707626.13</Amt><Dt><Dt>2024-10-08</Dt></Dt><Avlbty><Amt Ccy="EUR">20706626.13</Amt></Avlbty></Bal><Bal><Tp><CdOrPrtry><Cd>CLBD</Cd></CdOrPrtry></Tp><Amt Ccy="EUR">19953808.26</Amt><Dt><Dt>2024-10-08</Dt></Dt><Avlbty><Amt Ccy="EUR">19952808.26</Amt></Avlbty></Bal><Ntry><NtryRef>REF000024658280</NtryRef><Amt Ccy="EUR">5299.75</Amt><CdtDbtInd>CRDT</CdtDbtInd><AcctSvcrRef>REF000024661452</AcctSvcrRef><BkTxCd><Prtry><Cd>ATSISK</Cd></Prtry></BkTxCd><NtryDtls><Btch><NbOfTxs>1</NbOfTxs></Btch><TxDtls><Amt Ccy="EUR">5299.75</Amt></TxDtls></NtryDtls></Ntry><Ntry><NtryRef>REF000024671092</NtryRef><Amt Ccy="EUR">2063030.79</Amt><CdtDbtInd>CRDT</CdtDbtInd><AcctSvcrRef>REF000024685239</AcctSvcrRef><BkTxCd><Prtry><Cd>ATSISK</Cd></Prtry></BkTxCd><NtryDtls><Btch><NbOfTxs>578</NbOfTxs></Btch><TxDtls><Amt Ccy="EUR">2063030.79</Amt></TxDtls></NtryDtls></Ntry><Ntry><NtryRef>REF000024691734</NtryRef><Amt Ccy="EUR">2353741.55</Amt><CdtDbtInd>DBIT</CdtDbtInd><AcctSvcrRef>REF000024709955</AcctSvcrRef><BkTxCd><Prtry><Cd>KLIRNG</Cd></Prtry></BkTxCd><NtryDtls><Btch><NbOfTxs>7</NbOfTxs></Btch><TxDtls><Amt Ccy="EUR">2353741.55</Amt></TxDtls></NtryDtls></Ntry><Ntry><NtryRef>REF000024714815</NtryRef><Amt Ccy="EUR">10</Amt><CdtDbtInd>DBIT</CdtDbtInd><AcctSvcrRef>REF000024722595</AcctSvcrRef><BkTxCd><Prtry><Cd>ATSISK</Cd></Prtry></BkTxCd><NtryDtls><Btch><NbOfTxs>1</NbOfTxs></Btch><TxDtls><Amt Ccy="EUR">10</Amt></TxDtls></NtryDtls></Ntry><Ntry><NtryRef>REF000024739900</NtryRef><Amt Ccy="EUR">405779.67</Amt><CdtDbtInd>DBIT</CdtDbtInd><AcctSvcrRef>REF000024749124</AcctSvcrRef><BkTxCd><Prtry><Cd>ATSISK</Cd></Prtry></BkTxCd><NtryDtls><Btch><NbOfTxs>1</NbOfTxs></Btch><TxDtls><Amt Ccy="EUR">405779.67</Amt></TxDtls></NtryDtls></Ntry><Ntry><NtryRef>REF000024754704</NtryRef><Amt Ccy="EUR">2</Amt><CdtDbtInd>CRDT</CdtDbtInd><AcctSvcrRef>REF000024764477</AcctSvcrRef><BkTxCd><Prtry><Cd>ATSISK</Cd></Prtry></BkTxCd><NtryDtls><Btch><NbOfTxs>1</NbOfTxs></Btch><TxDtls><Amt Ccy="EUR">2</Amt></TxDtls></NtryDtls></Ntry><Ntry><NtryRef>REF000024774704</NtryRef><Amt Ccy="EUR">12909.03</Amt><CdtDbtInd>DBIT</CdtDbtInd><AcctSvcrRef>REF000024784477</AcctSvcrRef><BkTxCd><Prtry><Cd>ATSISK</Cd></Prtry></BkTxCd><NtryDtls><Btch><NbOfTxs>1</NbOfTxs></Btch><TxDtls><Amt Ccy="EUR">12909.03</Amt></TxDtls></NtryDtls></Ntry><Ntry><NtryRef>REF000024798735</NtryRef><Amt Ccy="EUR">10291.84</Amt><CdtDbtInd>CRDT</CdtDbtInd><AcctSvcrRef>REF000024805676</AcctSvcrRef><BkTxCd><Prtry><Cd>ATSISK</Cd></Prtry></BkTxCd><NtryDtls><Btch><NbOfTxs>2</NbOfTxs></Btch><TxDtls><Amt Ccy="EUR">10291.84</Amt></TxDtls></NtryDtls></Ntry><Ntry><NtryRef>REF000024811655</NtryRef><Amt Ccy="EUR">60002</Amt><CdtDbtInd>DBIT</CdtDbtInd><AcctSvcrRef>REF000024825284</AcctSvcrRef><BkTxCd><Prtry><Cd>ATSISK</Cd></Prtry></BkTxCd><NtryDtls><Btch><NbOfTxs>2</NbOfTxs></Btch><TxDtls><Amt Ccy="EUR">60002</Amt></TxDtls></NtryDtls></Ntry></Stmt></BkToCstmrStmt></Document>
