<?xml version='1.0' encoding='utf-8'?>
<Document xmlns="urn:iso:std:iso:20022:tech:xsd:camt.053.001.08"><BkToCstmrStmt><GrpHdr><MsgId>MSG85943600-MFLMRM</MsgId><CreDtTm>2024-09-12T19:47:15.063+03:00</CreDtTm><MsgPgntn><PgNb>1</PgNb><LastPgInd>true</LastPgInd></MsgPgntn><OrgnlBizQry><MsgId>MSG57639153-MAMLXX</MsgId></OrgnlBizQry></GrpHdr><Stmt><Id>MSG10881480-BLCHAS</Id><Acct><Id><Othr><Id>LT625883379695428516</Id></Othr></Id><Tp><Prtry>ATSISK</Prtry></Tp><Ccy>EUR</Ccy><Ownr><Id><OrgId><AnyBIC>DEUTBEB4NDX</AnyBIC></OrgId></Id></Ownr></Acct><Bal><Tp><CdOrPrtry><Cd>OPBD</Cd></CdOrPrtry></Tp><Amt Ccy="EUR">19549172.42</Amt><Dt><Dt>2024-09-12</Dt></Dt><Avlbty><Amt Ccy="EUR">19548172.42</Amt></Avlbty></Bal><Bal><Tp><CdOrPrtry><Cd>CLBD</Cd></CdOrPrtry></Tp><Amt Ccy="EUR">18791087.88</Amt><Dt><Dt>2024-09-12</Dt></Dt><Avlbty><Amt Ccy="EUR">18790087.88</Amt></Avlbty></Bal><Ntry><NtryRef>REF000021377264</NtryRef><Amt Ccy="EUR">185</Amt><CdtDbtInd>CRDT</CdtDbtInd><AcctSvcrRef>REF000021386646</AcctSvcrRef><BkTxCd><Prtry><Cd>ATSISK</Cd></Prtry></BkTxCd><NtryDtls><Btch><NbOfTxs>1</NbOfTxs></Btch><TxDtls><Amt Ccy="EUR">185</Amt></TxDtls></NtryDtls></Ntry><Ntry><NtryRef>REF000021397264</NtryRef><Amt Ccy="EUR">10000</Amt><CdtDbtInd>DBIT</CdtDbtInd><AcctSvcrRef>REF000021406646</AcctSvcrRef><BkTxCd><Prtry><Cd>ATSISK</Cd></Prtry></BkTxCd><NtryDtls><Btch><NbOfTxs>2</NbOfTxs></Btch><TxDtls><Amt Ccy="EUR">10000</Amt></TxDtls></NtryDtls></Ntry><Ntry><NtryRef>REF000021418280</NtryRef><Amt Ccy="EUR">628398.65</Amt><CdtDbtInd>CRDT</CdtDbtInd><AcctSvcrRef>REF000021421452</AcctSvcrRef><BkTxCd><Prtry><Cd>ATSISK</Cd></Prtry></BkTxCd><NtryDtls><Btch><NbOfTxs>1</NbOfTxs></Btch><TxDtls><Amt Ccy="EUR">628398.65</Amt></TxDtls></NtryDtls></Ntry><Ntry><NtryRef>REF000021431092</NtryRef><Amt Ccy="EUR">1304333.43</Amt><CdtDbtInd>CRDT</CdtDbtInd><AcctSvcrRef>REF000021445239</AcctSvcrRef><BkTxCd><Prtry><Cd>ATSISK</Cd></Prtry></BkTxCd><NtryDtls><Btch><NbOfTxs>218</NbOfTxs></Btch><TxDtls><Amt Ccy="EUR">1304333.43</Amt></TxDtls></NtryDtls></Ntry><Ntry><NtryRef>REF000021451734</NtryRef><Amt Ccy="EUR">707478.17</Amt><CdtDbtInd>DBIT</CdtDbtInd><AcctSvcrRef>REF000021469955</AcctSvcrRef><BkTxCd><Prtry><Cd>KLIRNG</Cd></Prtry></BkTxCd><NtryDtls><Btch><NbOfTxs>7</NbOfTxs></Btch><TxDtls><Amt Ccy="EUR">707478.17</Amt></TxDtls></NtryDtls></Ntry><Ntry><NtryRef>REF000021475235</NtryRef><Amt Ccy="EUR">1917014</Amt><CdtDbtInd>DBIT</CdtDbtInd><AcctSvcrRef>REF000021488309</AcctSvcrRef><BkTxCd><Prtry><Cd>ATSISK</Cd></Prtry></BkTxCd><NtryDtls><Btch><NbOfTxs>4</NbOfTxs></Btch><TxDtls><Amt Ccy="EUR">1917014</Amt></TxDtls></NtryDtls></Ntry><Ntry><NtryRef>REF000021494704</NtryRef><Amt Ccy="EUR">6610</Amt><CdtDbtInd>DBIT</CdtDbtInd><AcctSvcrRef>REF000021504477</AcctSvcrRef><BkTxCd><Prtry><Cd>ATSISK</Cd></Prtry></BkTxCd><NtryDtls><Btch><NbOfTxs>1</NbOfTxs></Btch><TxDtls><Amt Ccy="EUR">6610</Amt></TxDtls></NtryDtls></Ntry><Ntry><NtryRef>REF000021512845</NtryRef><Amt Ccy="EUR">49899.45</Amt><CdtDbtInd>DBIT</CdtDbtInd><AcctSvcrRef>REF000021522208</AcctSvcrRef><BkTxCd><Prtry><Cd>ATSISK</Cd></Prtry></BkTxCd><NtryDtls><Btch><NbOfTxs>1</NbOfTxs></Btch><TxDtls><Amt Ccy="EUR">49899.45</Amt></TxDtls></NtryDtls></Ntry></Stmt></BkToCstmrStmt></Document>
