<?xml version='1.0' encoding='utf-8'?>
<Document xmlns="urn:iso:std:iso:20022:tech:xsd:camt.053.001.08"><BkToCstmrStmt><GrpHdr><MsgId>MSG85943600-MFLMRM</MsgId><CreDtTm>2024-09-03T19:47:12.019+03:00</CreDtTm><MsgPgntn><PgNb>1</PgNb><LastPgInd>true</LastPgInd></MsgPgntn><OrgnlBizQry><MsgId>MSG63999588-ICQCBC</MsgId></OrgnlBizQry></GrpHdr><Stmt><Id>MSG89294603-BZWGPZ</Id><Acct><Id><Othr><Id>LT625883379695428516</Id></Othr></Id><Tp><Prtry>ATSISK</Prtry></Tp><Ccy>EUR</Ccy><Ownr><Id><OrgId><AnyBIC>DEUTBEB4NDX</AnyBIC></OrgId></Id></Ownr></Acct><Bal><Tp><CdOrPrtry><Cd>OPBD</Cd></CdOrPrtry></Tp><Amt Ccy="EUR">15780798.39</Amt><Dt><Dt>2024-09-03</Dt></Dt><Avlbty><Amt Ccy="EUR">15779798.39</Amt></Avlbty></Bal><Bal><Tp><CdOrPrtry><Cd>CLBD</Cd></CdOrPrtry></Tp><Amt Ccy="EUR">16292529.02</Amt><Dt><Dt>2024-09-03</Dt></Dt><Avlbty><Amt Ccy="EUR">16291529.02</Amt></Avlbty></Bal><Ntry><NtryRef>REF000020338267</NtryRef><Amt Ccy="EUR">1873.36</Amt><CdtDbtInd>CRDT</CdtDbtInd><AcctSvcrRef>REF000020344440</AcctSvcrRef><BkTxCd><Prtry><Cd>ATSISK</Cd></Prtry></BkTxCd><NtryDtls><Btch><NbOfTxs>1</NbOfTxs></Btch><TxDtls><Amt Ccy="EUR">1873.36</Amt></TxDtls></NtryDtls></Ntry><Ntry><NtryRef>REF000020351092</NtryRef><Amt Ccy="EUR">705822.86</Amt><CdtDbtInd>CRDT</CdtDbtInd><AcctSvcrRef>REF000020365239</AcctSvcrRef><BkTxCd><Prtry><Cd>ATSISK</Cd></Prtry></BkTxCd><NtryDtls><Btch><NbOfTxs>270</NbOfTxs></Btch><TxDtls><Amt Ccy="EUR">705822.86</Amt></TxDtls></NtryDtls></Ntry><Ntry><NtryRef>REF000020378851</NtryRef><Amt Ccy="EUR">300</Amt><CdtDbtInd>CRDT</CdtDbtInd><AcctSvcrRef>REF000020381558</AcctSvcrRef><BkTxCd><Prtry><Cd>ATSISK</Cd></Prtry></BkTxCd><NtryDtls><Btch><NbOfTxs>1</NbOfTxs></Btch><TxDtls><Amt Ccy="EUR">300</Amt></TxDtls></NtryDtls></Ntry><Ntry><NtryRef>REF000020391734</NtryRef><Amt Ccy="EUR">99610.59</Amt><CdtDbtInd>DBIT</CdtDbtInd><AcctSvcrRef>REF000020409955</AcctSvcrRef><BkTxCd><Prtry><Cd>KLIRNG</Cd></Prtry></BkTxCd><NtryDtls><Btch><NbOfTxs>7</NbOfTxs></Btch><TxDtls><Amt Ccy="EUR">99610.59</Amt></TxDtls></NtryDtls></Ntry><Ntry><NtryRef>REF000020415235</NtryRef><Amt Ccy="EUR">96655</Amt><CdtDbtInd>DBIT</CdtDbtInd><AcctSvcrRef>REF000020428309</AcctSvcrRef><BkTxCd><Prtry><Cd>ATSISK</Cd></Prtry></BkTxCd><NtryDtls><Btch><NbOfTxs>1</NbOfTxs></Btch><TxDtls><Amt Ccy="EUR">96655</Amt></TxDtls></NtryDtls></Ntry></Stmt></BkToCstmrStmt></Document>
