<?xml version='1.0' encoding='utf-8'?>
<Document xmlns="urn:iso:std:iso:20022:tech:xsd:camt.053.001.08"><BkToCstmrStmt><GrpHdr><MsgId>MSG85943600-MFLMRM</MsgId><CreDtTm>2024-07-10T19:47:18.533+03:00</CreDtTm><MsgPgntn><PgNb>2</PgNb><LastPgInd>true</LastPgInd></MsgPgntn><OrgnlBizQry><MsgId>MSG19736980-DGURPC</MsgId></OrgnlBizQry></GrpHdr><Stmt><Id>MSG19492219-GOBQGC</Id><Acct><Id><Othr><Id>LT414319056143772570</Id></Othr></Id><Tp><Prtry>ATSSK2</Prtry></Tp><Ccy>EUR</Ccy><Ownr><Id><OrgId><AnyBIC>DEUTBEB4NDX</AnyBIC></OrgId></Id></Ownr></Acct><Bal><Tp><CdOrPrtry><Cd>OPBD</Cd></CdOrPrtry></Tp><Amt Ccy="EUR">801.55</Amt><Dt><Dt>2024-07-10</Dt></Dt><Avlbty><Amt Ccy="EUR">801.55</Amt></Avlbty></Bal><Bal><Tp><CdOrPrtry><Cd>CLBD</Cd></CdOrPrtry></Tp><Amt Ccy="EUR">801.55</Amt><Dt><Dt>2024-07-10</Dt></Dt><Avlbty><Amt Ccy="EUR">801.55</Amt></Avlbty></Bal></Stmt><Stmt><Id>MSG12794155-FPDGAZ</Id><Acct><Id><Othr><Id>LT625883379695428516</Id></Othr></Id><Tp><Prtry>ATSISK</Prtry></Tp><Ccy>EUR</Ccy><Ownr><Id><OrgId><AnyBIC>DEUTBEB4NDX</AnyBIC></OrgId></Id></Ownr></Acct><Bal><Tp><CdOrPrtry><Cd>OPBD</Cd></CdOrPrtry></Tp><Amt Ccy="EUR">14979593.2</Amt><Dt><Dt>2024-07-10</Dt></Dt><Avlbty><Amt Ccy="EUR">14978593.2</Amt></Avlbty></Bal><Bal><Tp><CdOrPrtry><Cd>CLBD</Cd></CdOrPrtry></Tp><Amt Ccy="EUR">15175133.6</Amt><Dt><Dt>2024-07-10</Dt></Dt><Avlbty><Amt Ccy="EUR">15174133.6</Amt></Avlbty></Bal><Ntry><NtryRef>REF000014199665</NtryRef><Amt Ccy="EUR">8595</Amt><CdtDbtInd>DBIT</CdtDbtInd><AcctSvcrRef>REF000014206020</AcctSvcrRef><BkTxCd><Prtry><Cd>ATSISK</Cd></Prtry></BkTxCd><NtryDtls><Btch><NbOfTxs>2</NbOfTxs></Btch><TxDtls><Amt Ccy="EUR">8595</Amt></TxDtls></NtryDtls></Ntry><Ntry><NtryRef>REF000014211092</NtryRef><Amt Ccy="EUR">607803.08</Amt><CdtDbtInd>CRDT</CdtDbtInd><AcctSvcrRef>REF000014225239</AcctSvcrRef><BkTxCd><Prtry><Cd>ATSISK</Cd></Prtry></BkTxCd><NtryDtls><Btch><NbOfTxs>161</NbOfTxs></Btch><TxDtls><Amt Ccy="EUR">607803.08</Amt></TxDtls></NtryDtls></Ntry><Ntry><NtryRef>REF000014231331</NtryRef><Amt Ccy="EUR">1113</Amt><CdtDbtInd>DBIT</CdtDbtInd><AcctSvcrRef>REF000014241748</AcctSvcrRef><BkTxCd><Prtry><Cd>ATSISK</Cd></Prtry></BkTxCd><NtryDtls><Btch><NbOfTxs>1</NbOfTxs></Btch><TxDtls><Amt Ccy="EUR">1113</Amt></TxDtls></NtryDtls></Ntry><Ntry><NtryRef>REF000014251734</NtryRef><Amt Ccy="EUR">395148.68</Amt><CdtDbtInd>DBIT</CdtDbtInd><AcctSvcrRef>REF000014269955</AcctSvcrRef><BkTxCd><Prtry><Cd>KLIRNG</Cd></Prtry></BkTxCd><NtryDtls><Btch><NbOfTxs>7</NbOfTxs></Btch><TxDtls><Amt Ccy="EUR">395148.68</Amt></TxDtls></NtryDtls></Ntry><Ntry><NtryRef>REF000014275235</NtryRef><Amt Ccy="EUR">2680</Amt><CdtDbtInd>DBIT</CdtDbtInd><AcctSvcrRef>REF000014288309</AcctSvcrRef><BkTxCd><Prtry><Cd>ATSISK</Cd></Prtry></BkTxCd><NtryDtls><Btch><NbOfTxs>1</NbOfTxs></Btch><TxDtls><Amt Ccy="EUR">2680</Amt></TxDtls></NtryDtls></Ntry><Ntry><NtryRef>REF000014299900</NtryRef><Amt Ccy="EUR">2537</Amt><CdtDbtInd>DBIT</CdtDbtInd><AcctSvcrRef>REF000014309124</AcctSvcrRef><BkTxCd><Prtry><Cd>ATSISK</Cd></Prtry></BkTxCd><NtryDtls><Btch><NbOfTxs>1</NbOfTxs></Btch><TxDtls><Amt Ccy="EUR">2537</Amt></TxDtls></NtryDtls></Ntry><Ntry><NtryRef>REF000014311655</NtryRef><Amt Ccy="EUR">45</Amt><CdtDbtInd>DBIT</CdtDbtInd><AcctSvcrRef>REF000014325284</AcctSvcrRef><BkTxCd><Prtry><Cd>ATSISK</Cd></Prtry></BkTxCd><NtryDtls><Btch><NbOfTxs>1</NbOfTxs></Btch><TxDtls><Amt Ccy="EUR">45</Amt></TxDtls></NtryDtls></Ntry><Ntry><NtryRef>REF000014334093</NtryRef><Amt Ccy="EUR">2144</Amt><CdtDbtInd>DBIT</CdtDbtInd><AcctSvcrRef>REF000014343955</AcctSvcrRef><BkTxCd><Prtry><Cd>ATSISK</Cd></Prtry></BkTxCd><NtryDtls><Btch><NbOfTxs>1</NbOfTxs></Btch><TxDtls><Amt Ccy="EUR">2144</Amt></TxDtls></NtryDtls></Ntry></Stmt></BkToCstmrStmt></Document>
