<?xml version='1.0' encoding='utf-8'?>
<Document xmlns="urn:iso:std:iso:20022:tech:xsd:camt.053.001.08"><BkToCstmrStmt><GrpHdr><MsgId>MSG85943600-MFLMRM</MsgId><CreDtTm>2024-08-02T19:46:31.640+03:00</CreDtTm><MsgPgntn><PgNb>2</PgNb><LastPgInd>true</LastPgInd></MsgPgntn><OrgnlBizQry><MsgId>MSG83182949-WOHYOZ</MsgId></OrgnlBizQry></GrpHdr><Stmt><Id>MSG50638206-GGXTYR</Id><Acct><Id><Othr><Id>LT414319056143772570</Id></Othr></Id><Tp><Prtry>ATSSK2</Prtry></Tp><Ccy>EUR</Ccy><Ownr><Id><OrgId><AnyBIC>DEUTBEB4NDX</AnyBIC></OrgId></Id></Ownr></Acct><Bal><Tp><CdOrPrtry><Cd>OPBD</Cd></CdOrPrtry></Tp><Amt Ccy="EUR">801.55</Amt><Dt><Dt>2024-08-02</Dt></Dt><Avlbty><Amt Ccy="EUR">801.55</Amt></Avlbty></Bal><Bal><Tp><CdOrPrtry><Cd>CLBD</Cd></CdOrPrtry></Tp><Amt Ccy="EUR">801.55</Amt><Dt><Dt>2024-08-02</Dt></Dt><Avlbty><Amt Ccy="EUR">801.55</Amt></Avlbty></Bal></Stmt><Stmt><Id>MSG31124265-KKJKHW</Id><Acct><Id><Othr><Id>LT625883379695428516</Id></Othr></Id><Tp><Prtry>ATSISK</Prtry></Tp><Ccy>EUR</Ccy><Ownr><Id><OrgId><AnyBIC>DEUTBEB4NDX</AnyBIC></OrgId></Id></Ownr></Acct><Bal><Tp><CdOrPrtry><Cd>OPBD</Cd></CdOrPrtry></Tp><Amt Ccy="EUR">18552021.98</Amt><Dt><Dt>2024-08-02</Dt></Dt><Avlbty><Amt Ccy="EUR">18551021.98</Amt></Avlbty></Bal><Bal><Tp><CdOrPrtry><Cd>CLBD</Cd></CdOrPrtry></Tp><Amt Ccy="EUR">19046531.74</Amt><Dt><Dt>2024-08-02</Dt></Dt><Avlbty><Amt Ccy="EUR">19045531.74</Amt></Avlbty></Bal><Ntry><NtryRef>REF000016758267</NtryRef><Amt Ccy="EUR">2213.83</Amt><CdtDbtInd>CRDT</CdtDbtInd><AcctSvcrRef>REF000016764440</AcctSvcrRef><BkTxCd><Prtry><Cd>ATSISK</Cd></Prtry></BkTxCd><NtryDtls><Btch><NbOfTxs>1</NbOfTxs></Btch><TxDtls><Amt Ccy="EUR">2213.83</Amt></TxDtls></NtryDtls></Ntry><Ntry><NtryRef>REF000016771092</NtryRef><Amt Ccy="EUR">766984.75</Amt><CdtDbtInd>CRDT</CdtDbtInd><AcctSvcrRef>REF000016785239</AcctSvcrRef><BkTxCd><Prtry><Cd>ATSISK</Cd></Prtry></BkTxCd><NtryDtls><Btch><NbOfTxs>235</NbOfTxs></Btch><TxDtls><Amt Ccy="EUR">766984.75</Amt></TxDtls></NtryDtls></Ntry><Ntry><NtryRef>REF000016791734</NtryRef><Amt Ccy="EUR">433325.44</Amt><CdtDbtInd>DBIT</CdtDbtInd><AcctSvcrRef>REF000016809955</AcctSvcrRef><BkTxCd><Prtry><Cd>KLIRNG</Cd></Prtry></BkTxCd><NtryDtls><Btch><NbOfTxs>6</NbOfTxs></Btch><TxDtls><Amt Ccy="EUR">433325.44</Amt></TxDtls></NtryDtls></Ntry><Ntry><NtryRef>REF000016819820</NtryRef><Amt Ccy="EUR">143678.16</Amt><CdtDbtInd>CRDT</CdtDbtInd><AcctSvcrRef>REF000016829001</AcctSvcrRef><BkTxCd><Prtry><Cd>ATSISK</Cd></Prtry></BkTxCd><NtryDtls><Btch><NbOfTxs>1</NbOfTxs></Btch><TxDtls><Amt Ccy="EUR">143678.16</Amt></TxDtls></NtryDtls></Ntry><Ntry><NtryRef>REF000016833697</NtryRef><Amt Ccy="EUR">18750.7</Amt><CdtDbtInd>CRDT</CdtDbtInd><AcctSvcrRef>REF000016842611</AcctSvcrRef><BkTxCd><Prtry><Cd>ATSISK</Cd></Prtry></BkTxCd><NtryDtls><Btch><NbOfTxs>1</NbOfTxs></Btch><TxDtls><Amt Ccy="EUR">18750.7</Amt></TxDtls></NtryDtls></Ntry><Ntry><NtryRef>REF000016854704</NtryRef><Amt Ccy="EUR">12292.24</Amt><CdtDbtInd>DBIT</CdtDbtInd><AcctSvcrRef>REF000016864477</AcctSvcrRef><BkTxCd><Prtry><Cd>ATSISK</Cd></Prtry></BkTxCd><NtryDtls><Btch><NbOfTxs>1</NbOfTxs></Btch><TxDtls><Amt Ccy="EUR">12292.24</Amt></TxDtls></NtryDtls></Ntry><Ntry><NtryRef>REF000016879344</NtryRef><Amt Ccy="EUR">8500</Amt><CdtDbtInd>CRDT</CdtDbtInd><AcctSvcrRef>REF000016881099</AcctSvcrRef><BkTxCd><Prtry><Cd>ATSISK</Cd></Prtry></BkTxCd><NtryDtls><Btch><NbOfTxs>1</NbOfTxs></Btch><TxDtls><Amt Ccy="EUR">8500</Amt></TxDtls></NtryDtls></Ntry></Stmt></BkToCstmrStmt></Document>
