<?xml version='1.0' encoding='utf-8'?>
<Document xmlns="urn:iso:std:iso:20022:tech:xsd:camt.053.001.08"><BkToCstmrStmt><GrpHdr><MsgId>MSG85943600-MFLMRM</MsgId><CreDtTm>2024-05-24T19:47:32.517+03:00</CreDtTm><MsgPgntn><PgNb>2</PgNb><LastPgInd>true</LastPgInd></MsgPgntn><OrgnlBizQry><MsgId>MSG26475054-UNPBIE</MsgId></OrgnlBizQry></GrpHdr><Stmt><Id>MSG19541588-OHOXLJ</Id><Acct><Id><Othr><Id>LT625883379695428516</Id></Othr></Id><Tp><Prtry>ATSISK</Prtry></Tp><Ccy>EUR</Ccy><Ownr><Id><OrgId><AnyBIC>DEUTBEB4NDX</AnyBIC></OrgId></Id></Ownr></Acct><Bal><Tp><CdOrPrtry><Cd>OPBD</Cd></CdOrPrtry></Tp><Amt Ccy="EUR">20566808.38</Amt><Dt><Dt>2024-05-24</Dt></Dt><Avlbty><Amt Ccy="EUR">20565808.38</Amt></Avlbty></Bal><Bal><Tp><CdOrPrtry><Cd>CLBD</Cd></CdOrPrtry></Tp><Amt Ccy="EUR">20715230.01</Amt><Dt><Dt>2024-05-24</Dt></Dt><Avlbty><Amt Ccy="EUR">20714230.01</Amt></Avlbty></Bal><Ntry><NtryRef>REF000008751558</NtryRef><Amt Ccy="EUR">390156</Amt><CdtDbtInd>DBIT</CdtDbtInd><AcctSvcrRef>REF000008763800</AcctSvcrRef><BkTxCd><Prtry><Cd>ATSISK</Cd></Prtry></BkTxCd><NtryDtls><Btch><NbOfTxs>1</NbOfTxs></Btch><TxDtls><Amt Ccy="EUR">390156</Amt></TxDtls></NtryDtls></Ntry><Ntry><NtryRef>REF000008771092</NtryRef><Amt Ccy="EUR">3096452.55</Amt><CdtDbtInd>CRDT</CdtDbtInd><AcctSvcrRef>REF000008785239</AcctSvcrRef><BkTxCd><Prtry><Cd>ATSISK</Cd></Prtry></BkTxCd><NtryDtls><Btch><NbOfTxs>110</NbOfTxs></Btch><TxDtls><Amt Ccy="EUR">3096452.55</Amt></TxDtls></NtryDtls></Ntry><Ntry><NtryRef>REF000008791331</NtryRef><Amt Ccy="EUR">2124</Amt><CdtDbtInd>DBIT</CdtDbtInd><AcctSvcrRef>REF000008801748</AcctSvcrRef><BkTxCd><Prtry><Cd>ATSISK</Cd></Prtry></BkTxCd><NtryDtls><Btch><NbOfTxs>1</NbOfTxs></Btch><TxDtls><Amt Ccy="EUR">2124</Amt></TxDtls></NtryDtls></Ntry><Ntry><NtryRef>REF000008811734</NtryRef><Amt Ccy="EUR">532686.92</Amt><CdtDbtInd>DBIT</CdtDbtInd><AcctSvcrRef>REF000008829955</AcctSvcrRef><BkTxCd><Prtry><Cd>KLIRNG</Cd></Prtry></BkTxCd><NtryDtls><Btch><NbOfTxs>7</NbOfTxs></Btch><TxDtls><Amt Ccy="EUR">532686.92</Amt></TxDtls></NtryDtls></Ntry><Ntry><NtryRef>REF000008835235</NtryRef><Amt Ccy="EUR">264337</Amt><CdtDbtInd>DBIT</CdtDbtInd><AcctSvcrRef>REF000008848309</AcctSvcrRef><BkTxCd><Prtry><Cd>ATSISK</Cd></Prtry></BkTxCd><NtryDtls><Btch><NbOfTxs>2</NbOfTxs></Btch><TxDtls><Amt Ccy="EUR">264337</Amt></TxDtls></NtryDtls></Ntry><Ntry><NtryRef>REF000008852870</NtryRef><Amt Ccy="EUR">4</Amt><CdtDbtInd>CRDT</CdtDbtInd><AcctSvcrRef>REF000008869710</AcctSvcrRef><BkTxCd><Prtry><Cd>ATSISK</Cd></Prtry></BkTxCd><NtryDtls><Btch><NbOfTxs>1</NbOfTxs></Btch><TxDtls><Amt Ccy="EUR">4</Amt></TxDtls></NtryDtls></Ntry><Ntry><NtryRef>REF000008879900</NtryRef><Amt Ccy="EUR">976906.28</Amt><CdtDbtInd>DBIT</CdtDbtInd><AcctSvcrRef>REF000008889124</AcctSvcrRef><BkTxCd><Prtry><Cd>ATSISK</Cd></Prtry></BkTxCd><NtryDtls><Btch><NbOfTxs>2</NbOfTxs></Btch><TxDtls><Amt Ccy="EUR">976906.28</Amt></TxDtls></NtryDtls></Ntry><Ntry><NtryRef>REF000008892615</NtryRef><Amt Ccy="EUR">63278.72</Amt><CdtDbtInd>DBIT</CdtDbtInd><AcctSvcrRef>REF000008907676</AcctSvcrRef><BkTxCd><Prtry><Cd>ATSISK</Cd></Prtry></BkTxCd><NtryDtls><Btch><NbOfTxs>1</NbOfTxs></Btch><TxDtls><Amt Ccy="EUR">63278.72</Amt></TxDtls></NtryDtls></Ntry><Ntry><NtryRef>REF000008915238</NtryRef><Amt Ccy="EUR">500</Amt><CdtDbtInd>DBIT</CdtDbtInd><AcctSvcrRef>REF000008927599</AcctSvcrRef><BkTxCd><Prtry><Cd>ATSISK</Cd></Prtry></BkTxCd><NtryDtls><Btch><NbOfTxs>1</NbOfTxs></Btch><TxDtls><Amt Ccy="EUR">500</Amt></TxDtls></NtryDtls></Ntry><Ntry><NtryRef>REF000008938113</NtryRef><Amt Ccy="EUR">716696</Amt><CdtDbtInd>DBIT</CdtDbtInd><AcctSvcrRef>REF000008949931</AcctSvcrRef><BkTxCd><Prtry><Cd>ATSISK</Cd></Prtry></BkTxCd><NtryDtls><Btch><NbOfTxs>1</NbOfTxs></Btch><TxDtls><Amt Ccy="EUR">716696</Amt></TxDtls></NtryDtls></Ntry><Ntry><NtryRef>REF000008954093</NtryRef><Amt Ccy="EUR">1350</Amt><CdtDbtInd>DBIT</CdtDbtInd><AcctSvcrRef>REF000008963955</AcctSvcrRef><BkTxCd><Prtry><Cd>ATSISK</Cd></Prtry></BkTxCd><NtryDtls><Btch><NbOfTxs>1</NbOfTxs></Btch><TxDtls><Amt Ccy="EUR">1350</Amt></TxDtls></NtryDtls></Ntry></Stmt><Stmt><Id>MSG72597181-GIDWQQ</Id><Acct><Id><Othr><Id>LT414319056143772570</Id></Othr></Id><Tp><Prtry>ATSSK2</Prtry></Tp><Ccy>EUR</Ccy><Ownr><Id><OrgId><AnyBIC>DEUTBEB4NDX</AnyBIC></OrgId></Id></Ownr></Acct><Bal><Tp><CdOrPrtry><Cd>OPBD</Cd></CdOrPrtry></Tp><Amt Ccy="EUR">801.55</Amt><Dt><Dt>2024-05-24</Dt></Dt><Avlbty><Amt Ccy="EUR">801.55</Amt></Avlbty></Bal><Bal><Tp><CdOrPrtry><Cd>CLBD</Cd></CdOrPrtry></Tp><Amt Ccy="EUR">801.55</Amt><Dt><Dt>2024-05-24</Dt></Dt><Avlbty><Amt Ccy="EUR">801.55</Amt></Avlbty></Bal></Stmt></BkToCstmrStmt></Document>
