<?xml version='1.0' encoding='utf-8'?>
<Document xmlns="urn:iso:std:iso:20022:tech:xsd:camt.053.001.08"><BkToCstmrStmt><GrpHdr><MsgId>MSG85943600-MFLMRM</MsgId><CreDtTm>2024-05-27T19:48:14.408+03:00</CreDtTm><MsgPgntn><PgNb>2</PgNb><LastPgInd>true</LastPgInd></MsgPgntn><OrgnlBizQry><MsgId>MSG93578385-OYYJQX</MsgId></OrgnlBizQry></GrpHdr><Stmt><Id>MSG48451343-TJKOLP</Id><Acct><Id><Othr><Id>LT625883379695428516</Id></Othr></Id><Tp><Prtry>ATSISK</Prtry></Tp><Ccy>EUR</Ccy><Ownr><Id><OrgId><AnyBIC>DEUTBEB4NDX</AnyBIC></OrgId></Id></Ownr></Acct><Bal><Tp><CdOrPrtry><Cd>OPBD</Cd></CdOrPrtry></Tp><Amt Ccy="EUR">20715230.01</Amt><Dt><Dt>2024-05-27</Dt></Dt><Avlbty><Amt Ccy="EUR">20714230.01</Amt></Avlbty></Bal><Bal><Tp><CdOrPrtry><Cd>CLBD</Cd></CdOrPrtry></Tp><Amt Ccy="EUR">20619234.25</Amt><Dt><Dt>2024-05-27</Dt></Dt><Avlbty><Amt Ccy="EUR">20618234.25</Amt></Avlbty></Bal><Ntry><NtryRef>REF000008979665</NtryRef><Amt Ccy="EUR">1472</Amt><CdtDbtInd>DBIT</CdtDbtInd><AcctSvcrRef>REF000008986020</AcctSvcrRef><BkTxCd><Prtry><Cd>ATSISK</Cd></Prtry></BkTxCd><NtryDtls><Btch><NbOfTxs>1</NbOfTxs></Btch><TxDtls><Amt Ccy="EUR">1472</Amt></TxDtls></NtryDtls></Ntry><Ntry><NtryRef>REF000008991092</NtryRef><Amt Ccy="EUR">260021.74</Amt><CdtDbtInd>CRDT</CdtDbtInd><AcctSvcrRef>REF000009005239</AcctSvcrRef><BkTxCd><Prtry><Cd>ATSISK</Cd></Prtry></BkTxCd><NtryDtls><Btch><NbOfTxs>162</NbOfTxs></Btch><TxDtls><Amt Ccy="EUR">260021.74</Amt></TxDtls></NtryDtls></Ntry><Ntry><NtryRef>REF000009011331</NtryRef><Amt Ccy="EUR">714</Amt><CdtDbtInd>DBIT</CdtDbtInd><AcctSvcrRef>REF000009021748</AcctSvcrRef><BkTxCd><Prtry><Cd>ATSISK</Cd></Prtry></BkTxCd><NtryDtls><Btch><NbOfTxs>1</NbOfTxs></Btch><TxDtls><Amt Ccy="EUR">714</Amt></TxDtls></NtryDtls></Ntry><Ntry><NtryRef>REF000009031734</NtryRef><Amt Ccy="EUR">388223</Amt><CdtDbtInd>DBIT</CdtDbtInd><AcctSvcrRef>REF000009049955</AcctSvcrRef><BkTxCd><Prtry><Cd>KLIRNG</Cd></Prtry></BkTxCd><NtryDtls><Btch><NbOfTxs>7</NbOfTxs></Btch><TxDtls><Amt Ccy="EUR">388223</Amt></TxDtls></NtryDtls></Ntry><Ntry><NtryRef>REF000009055235</NtryRef><Amt Ccy="EUR">115331</Amt><CdtDbtInd>DBIT</CdtDbtInd><AcctSvcrRef>REF000009068309</AcctSvcrRef><BkTxCd><Prtry><Cd>ATSISK</Cd></Prtry></BkTxCd><NtryDtls><Btch><NbOfTxs>2</NbOfTxs></Btch><TxDtls><Amt Ccy="EUR">115331</Amt></TxDtls></NtryDtls></Ntry><Ntry><NtryRef>REF000009079820</NtryRef><Amt Ccy="EUR">400</Amt><CdtDbtInd>DBIT</CdtDbtInd><AcctSvcrRef>REF000009089001</AcctSvcrRef><BkTxCd><Prtry><Cd>ATSISK</Cd></Prtry></BkTxCd><NtryDtls><Btch><NbOfTxs>1</NbOfTxs></Btch><TxDtls><Amt Ccy="EUR">400</Amt></TxDtls></NtryDtls></Ntry><Ntry><NtryRef>REF000009092870</NtryRef><Amt Ccy="EUR">1.5</Amt><CdtDbtInd>CRDT</CdtDbtInd><AcctSvcrRef>REF000009109710</AcctSvcrRef><BkTxCd><Prtry><Cd>ATSISK</Cd></Prtry></BkTxCd><NtryDtls><Btch><NbOfTxs>1</NbOfTxs></Btch><TxDtls><Amt Ccy="EUR">1.5</Amt></TxDtls></NtryDtls></Ntry><Ntry><NtryRef>REF000009119900</NtryRef><Amt Ccy="EUR">1082</Amt><CdtDbtInd>DBIT</CdtDbtInd><AcctSvcrRef>REF000009129124</AcctSvcrRef><BkTxCd><Prtry><Cd>ATSISK</Cd></Prtry></BkTxCd><NtryDtls><Btch><NbOfTxs>1</NbOfTxs></Btch><TxDtls><Amt Ccy="EUR">1082</Amt></TxDtls></NtryDtls></Ntry><Ntry><NtryRef>REF000009131655</NtryRef><Amt Ccy="EUR">427</Amt><CdtDbtInd>DBIT</CdtDbtInd><AcctSvcrRef>REF000009145284</AcctSvcrRef><BkTxCd><Prtry><Cd>ATSISK</Cd></Prtry></BkTxCd><NtryDtls><Btch><NbOfTxs>2</NbOfTxs></Btch><TxDtls><Amt Ccy="EUR">427</Amt></TxDtls></NtryDtls></Ntry><Ntry><NtryRef>REF000009157243</NtryRef><Amt Ccy="EUR">153586</Amt><CdtDbtInd>CRDT</CdtDbtInd><AcctSvcrRef>REF000009166477</AcctSvcrRef><BkTxCd><Prtry><Cd>ATSISK</Cd></Prtry></BkTxCd><NtryDtls><Btch><NbOfTxs>1</NbOfTxs></Btch><TxDtls><Amt Ccy="EUR">153586</Amt></TxDtls></NtryDtls></Ntry><Ntry><NtryRef>REF000009174093</NtryRef><Amt Ccy="EUR">1956</Amt><CdtDbtInd>DBIT</CdtDbtInd><AcctSvcrRef>REF000009183955</AcctSvcrRef><BkTxCd><Prtry><Cd>ATSISK</Cd></Prtry></BkTxCd><NtryDtls><Btch><NbOfTxs>1</NbOfTxs></Btch><TxDtls><Amt Ccy="EUR">1956</Amt></TxDtls></NtryDtls></Ntry></Stmt><Stmt><Id>MSG82245791-MIZDRE</Id><Acct><Id><Othr><Id>LT414319056143772570</Id></Othr></Id><Tp><Prtry>ATSSK2</Prtry></Tp><Ccy>EUR</Ccy><Ownr><Id><OrgId><AnyBIC>DEUTBEB4NDX</AnyBIC></OrgId></Id></Ownr></Acct><Bal><Tp><CdOrPrtry><Cd>OPBD</Cd></CdOrPrtry></Tp><Amt Ccy="EUR">801.55</Amt><Dt><Dt>2024-05-27</Dt></Dt><Avlbty><Amt Ccy="EUR">801.55</Amt></Avlbty></Bal><Bal><Tp><CdOrPrtry><Cd>CLBD</Cd></CdOrPrtry></Tp><Amt Ccy="EUR">801.55</Amt><Dt><Dt>2024-05-27</Dt></Dt><Avlbty><Amt Ccy="EUR">801.55</Amt></Avlbty></Bal></Stmt></BkToCstmrStmt></Document>
