<?xml version='1.0' encoding='utf-8'?>
<Document xmlns="urn:iso:std:iso:20022:tech:xsd:camt.053.001.08"><BkToCstmrStmt><GrpHdr><MsgId>MSG85943600-MFLMRM</MsgId><CreDtTm>2024-06-20T19:47:26.782+03:00</CreDtTm><MsgPgntn><PgNb>2</PgNb><LastPgInd>true</LastPgInd></MsgPgntn><OrgnlBizQry><MsgId>MSG81511537-XQAJDO</MsgId></OrgnlBizQry></GrpHdr><Stmt><Id>MSG97923229-FPHIKZ</Id><Acct><Id><Othr><Id>LT625883379695428516</Id></Othr></Id><Tp><Prtry>ATSISK</Prtry></Tp><Ccy>EUR</Ccy><Ownr><Id><OrgId><AnyBIC>DEUTBEB4NDX</AnyBIC></OrgId></Id></Ownr></Acct><Bal><Tp><CdOrPrtry><Cd>OPBD</Cd></CdOrPrtry></Tp><Amt Ccy="EUR">18772421.22</Amt><Dt><Dt>2024-06-20</Dt></Dt><Avlbty><Amt Ccy="EUR">18771421.22</Amt></Avlbty></Bal><Bal><Tp><CdOrPrtry><Cd>CLBD</Cd></CdOrPrtry></Tp><Amt Ccy="EUR">18075256.93</Amt><Dt><Dt>2024-06-20</Dt></Dt><Avlbty><Amt Ccy="EUR">18074256.93</Amt></Avlbty></Bal><Ntry><NtryRef>REF000011858280</NtryRef><Amt Ccy="EUR">185998</Amt><CdtDbtInd>DBIT</CdtDbtInd><AcctSvcrRef>REF000011861452</AcctSvcrRef><BkTxCd><Prtry><Cd>ATSISK</Cd></Prtry></BkTxCd><NtryDtls><Btch><NbOfTxs>2</NbOfTxs></Btch><TxDtls><Amt Ccy="EUR">185998</Amt></TxDtls></NtryDtls></Ntry><Ntry><NtryRef>REF000011871092</NtryRef><Amt Ccy="EUR">436264.74</Amt><CdtDbtInd>CRDT</CdtDbtInd><AcctSvcrRef>REF000011885239</AcctSvcrRef><BkTxCd><Prtry><Cd>ATSISK</Cd></Prtry></BkTxCd><NtryDtls><Btch><NbOfTxs>173</NbOfTxs></Btch><TxDtls><Amt Ccy="EUR">436264.74</Amt></TxDtls></NtryDtls></Ntry><Ntry><NtryRef>REF000011891734</NtryRef><Amt Ccy="EUR">942392.02</Amt><CdtDbtInd>DBIT</CdtDbtInd><AcctSvcrRef>REF000011909955</AcctSvcrRef><BkTxCd><Prtry><Cd>KLIRNG</Cd></Prtry></BkTxCd><NtryDtls><Btch><NbOfTxs>7</NbOfTxs></Btch><TxDtls><Amt Ccy="EUR">942392.02</Amt></TxDtls></NtryDtls></Ntry><Ntry><NtryRef>REF000011911655</NtryRef><Amt Ccy="EUR">5039.01</Amt><CdtDbtInd>DBIT</CdtDbtInd><AcctSvcrRef>REF000011925284</AcctSvcrRef><BkTxCd><Prtry><Cd>ATSISK</Cd></Prtry></BkTxCd><NtryDtls><Btch><NbOfTxs>3</NbOfTxs></Btch><TxDtls><Amt Ccy="EUR">5039.01</Amt></TxDtls></NtryDtls></Ntry></Stmt><Stmt><Id>MSG23373668-NDTDBN</Id><Acct><Id><Othr><Id>LT414319056143772570</Id></Othr></Id><Tp><Prtry>ATSSK2</Prtry></Tp><Ccy>EUR</Ccy><Ownr><Id><OrgId><AnyBIC>DEUTBEB4NDX</AnyBIC></OrgId></Id></Ownr></Acct><Bal><Tp><CdOrPrtry><Cd>OPBD</Cd></CdOrPrtry></Tp><Amt Ccy="EUR">801.55</Amt><Dt><Dt>2024-06-20</Dt></Dt><Avlbty><Amt Ccy="EUR">801.55</Amt></Avlbty></Bal><Bal><Tp><CdOrPrtry><Cd>CLBD</Cd></CdOrPrtry></Tp><Amt Ccy="EUR">801.55</Amt><Dt><Dt>2024-06-20</Dt></Dt><Avlbty><Amt Ccy="EUR">801.55</Amt></Avlbty></Bal></Stmt></BkToCstmrStmt></Document>
