<?xml version='1.0' encoding='utf-8'?>
<Document xmlns="urn:iso:std:iso:20022:tech:xsd:camt.053.001.08"><BkToCstmrStmt><GrpHdr><MsgId>MSG85943600-MFLMRM</MsgId><CreDtTm>2024-07-09T19:48:18.049+03:00</CreDtTm><MsgPgntn><PgNb>2</PgNb><LastPgInd>true</LastPgInd></MsgPgntn><OrgnlBizQry><MsgId>MSG57212286-CXREAF</MsgId></OrgnlBizQry></GrpHdr><Stmt><Id>MSG18432310-RVHHCM</Id><Acct><Id><Othr><Id>LT414319056143772570</Id></Othr></Id><Tp><Prtry>ATSSK2</Prtry></Tp><Ccy>EUR</Ccy><Ownr><Id><OrgId><AnyBIC>DEUTBEB4NDX</AnyBIC></OrgId></Id></Ownr></Acct><Bal><Tp><CdOrPrtry><Cd>OPBD</Cd></CdOrPrtry></Tp><Amt Ccy="EUR">801.55</Amt><Dt><Dt>2024-07-09</Dt></Dt><Avlbty><Amt Ccy="EUR">801.55</Amt></Avlbty></Bal><Bal><Tp><CdOrPrtry><Cd>CLBD</Cd></CdOrPrtry></Tp><Amt Ccy="EUR">801.55</Amt><Dt><Dt>2024-07-09</Dt></Dt><Avlbty><Amt Ccy="EUR">801.55</Amt></Avlbty></Bal></Stmt><Stmt><Id>MSG23492931-MPOZLZ</Id><Acct><Id><Othr><Id>LT625883379695428516</Id></Othr></Id><Tp><Prtry>ATSISK</Prtry></Tp><Ccy>EUR</Ccy><Ownr><Id><OrgId><AnyBIC>DEUTBEB4NDX</AnyBIC></OrgId></Id></Ownr></Acct><Bal><Tp><CdOrPrtry><Cd>OPBD</Cd></CdOrPrtry></Tp><Amt Ccy="EUR">14812675.2</Amt><Dt><Dt>2024-07-09</Dt></Dt><Avlbty><Amt Ccy="EUR">14811675.2</Amt></Avlbty></Bal><Bal><Tp><CdOrPrtry><Cd>CLBD</Cd></CdOrPrtry></Tp><Amt Ccy="EUR">14979593.2</Amt><Dt><Dt>2024-07-09</Dt></Dt><Avlbty><Amt Ccy="EUR">14978593.2</Amt></Avlbty></Bal><Ntry><NtryRef>REF000014051092</NtryRef><Amt Ccy="EUR">769465.24</Amt><CdtDbtInd>CRDT</CdtDbtInd><AcctSvcrRef>REF000014065239</AcctSvcrRef><BkTxCd><Prtry><Cd>ATSISK</Cd></Prtry></BkTxCd><NtryDtls><Btch><NbOfTxs>219</NbOfTxs></Btch><TxDtls><Amt Ccy="EUR">769465.24</Amt></TxDtls></NtryDtls></Ntry><Ntry><NtryRef>REF000014078025</NtryRef><Amt Ccy="EUR">700</Amt><CdtDbtInd>DBIT</CdtDbtInd><AcctSvcrRef>REF000014083704</AcctSvcrRef><BkTxCd><Prtry><Cd>ATSISK</Cd></Prtry></BkTxCd><NtryDtls><Btch><NbOfTxs>1</NbOfTxs></Btch><TxDtls><Amt Ccy="EUR">700</Amt></TxDtls></NtryDtls></Ntry><Ntry><NtryRef>REF000014091734</NtryRef><Amt Ccy="EUR">597348.72</Amt><CdtDbtInd>DBIT</CdtDbtInd><AcctSvcrRef>REF000014109955</AcctSvcrRef><BkTxCd><Prtry><Cd>KLIRNG</Cd></Prtry></BkTxCd><NtryDtls><Btch><NbOfTxs>7</NbOfTxs></Btch><TxDtls><Amt Ccy="EUR">597348.72</Amt></TxDtls></NtryDtls></Ntry><Ntry><NtryRef>REF000014114815</NtryRef><Amt Ccy="EUR">318.52</Amt><CdtDbtInd>DBIT</CdtDbtInd><AcctSvcrRef>REF000014122595</AcctSvcrRef><BkTxCd><Prtry><Cd>ATSISK</Cd></Prtry></BkTxCd><NtryDtls><Btch><NbOfTxs>1</NbOfTxs></Btch><TxDtls><Amt Ccy="EUR">318.52</Amt></TxDtls></NtryDtls></Ntry><Ntry><NtryRef>REF000014136776</NtryRef><Amt Ccy="EUR">700</Amt><CdtDbtInd>DBIT</CdtDbtInd><AcctSvcrRef>REF000014144080</AcctSvcrRef><BkTxCd><Prtry><Cd>ATSISK</Cd></Prtry></BkTxCd><NtryDtls><Btch><NbOfTxs>1</NbOfTxs></Btch><TxDtls><Amt Ccy="EUR">700</Amt></TxDtls></NtryDtls></Ntry><Ntry><NtryRef>REF000014151655</NtryRef><Amt Ccy="EUR">360</Amt><CdtDbtInd>DBIT</CdtDbtInd><AcctSvcrRef>REF000014165284</AcctSvcrRef><BkTxCd><Prtry><Cd>ATSISK</Cd></Prtry></BkTxCd><NtryDtls><Btch><NbOfTxs>2</NbOfTxs></Btch><TxDtls><Amt Ccy="EUR">360</Amt></TxDtls></NtryDtls></Ntry><Ntry><NtryRef>REF000014179407</NtryRef><Amt Ccy="EUR">3120</Amt><CdtDbtInd>DBIT</CdtDbtInd><AcctSvcrRef>REF000014189658</AcctSvcrRef><BkTxCd><Prtry><Cd>ATSISK</Cd></Prtry></BkTxCd><NtryDtls><Btch><NbOfTxs>2</NbOfTxs></Btch><TxDtls><Amt Ccy="EUR">3120</Amt></TxDtls></NtryDtls></Ntry></Stmt></BkToCstmrStmt></Document>
