<?xml version='1.0' encoding='utf-8'?>
<Document xmlns="urn:iso:std:iso:20022:tech:xsd:camt.053.001.08"><BkToCstmrStmt><GrpHdr><MsgId>MSG85943600-MFLMRM</MsgId><CreDtTm>2024-07-31T19:46:22.271+03:00</CreDtTm><MsgPgntn><PgNb>2</PgNb><LastPgInd>true</LastPgInd></MsgPgntn><OrgnlBizQry><MsgId>MSG45629352-PGMEGR</MsgId></OrgnlBizQry></GrpHdr><Stmt><Id>MSG19359235-HFHXBB</Id><Acct><Id><Othr><Id>LT414319056143772570</Id></Othr></Id><Tp><Prtry>ATSSK2</Prtry></Tp><Ccy>EUR</Ccy><Ownr><Id><OrgId><AnyBIC>DEUTBEB4NDX</AnyBIC></OrgId></Id></Ownr></Acct><Bal><Tp><CdOrPrtry><Cd>OPBD</Cd></CdOrPrtry></Tp><Amt Ccy="EUR">801.55</Amt><Dt><Dt>2024-07-31</Dt></Dt><Avlbty><Amt Ccy="EUR">801.55</Amt></Avlbty></Bal><Bal><Tp><CdOrPrtry><Cd>CLBD</Cd></CdOrPrtry></Tp><Amt Ccy="EUR">801.55</Amt><Dt><Dt>2024-07-31</Dt></Dt><Avlbty><Amt Ccy="EUR">801.55</Amt></Avlbty></Bal></Stmt><Stmt><Id>MSG32904464-BXMPIS</Id><Acct><Id><Othr><Id>LT625883379695428516</Id></Othr></Id><Tp><Prtry>ATSISK</Prtry></Tp><Ccy>EUR</Ccy><Ownr><Id><OrgId><AnyBIC>DEUTBEB4NDX</AnyBIC></OrgId></Id></Ownr></Acct><Bal><Tp><CdOrPrtry><Cd>OPBD</Cd></CdOrPrtry></Tp><Amt Ccy="EUR">17919396.33</Amt><Dt><Dt>2024-07-31</Dt></Dt><Avlbty><Amt Ccy="EUR">17918396.33</Amt></Avlbty></Bal><Bal><Tp><CdOrPrtry><Cd>CLBD</Cd></CdOrPrtry></Tp><Amt Ccy="EUR">17866124.08</Amt><Dt><Dt>2024-07-31</Dt></Dt><Avlbty><Amt Ccy="EUR">17865124.08</Amt></Avlbty></Bal><Ntry><NtryRef>REF000016551092</NtryRef><Amt Ccy="EUR">2448536.91</Amt><CdtDbtInd>CRDT</CdtDbtInd><AcctSvcrRef>REF000016565239</AcctSvcrRef><BkTxCd><Prtry><Cd>ATSISK</Cd></Prtry></BkTxCd><NtryDtls><Btch><NbOfTxs>241</NbOfTxs></Btch><TxDtls><Amt Ccy="EUR">2448536.91</Amt></TxDtls></NtryDtls></Ntry><Ntry><NtryRef>REF000016571734</NtryRef><Amt Ccy="EUR">2492257.12</Amt><CdtDbtInd>DBIT</CdtDbtInd><AcctSvcrRef>REF000016589955</AcctSvcrRef><BkTxCd><Prtry><Cd>KLIRNG</Cd></Prtry></BkTxCd><NtryDtls><Btch><NbOfTxs>6</NbOfTxs></Btch><TxDtls><Amt Ccy="EUR">2492257.12</Amt></TxDtls></NtryDtls></Ntry><Ntry><NtryRef>REF000016591655</NtryRef><Amt Ccy="EUR">261.96</Amt><CdtDbtInd>CRDT</CdtDbtInd><AcctSvcrRef>REF000016605284</AcctSvcrRef><BkTxCd><Prtry><Cd>ATSISK</Cd></Prtry></BkTxCd><NtryDtls><Btch><NbOfTxs>1</NbOfTxs></Btch><TxDtls><Amt Ccy="EUR">261.96</Amt></TxDtls></NtryDtls></Ntry><Ntry><NtryRef>REF000016614093</NtryRef><Amt Ccy="EUR">9814</Amt><CdtDbtInd>DBIT</CdtDbtInd><AcctSvcrRef>REF000016623955</AcctSvcrRef><BkTxCd><Prtry><Cd>ATSISK</Cd></Prtry></BkTxCd><NtryDtls><Btch><NbOfTxs>8</NbOfTxs></Btch><TxDtls><Amt Ccy="EUR">9814</Amt></TxDtls></NtryDtls></Ntry></Stmt></BkToCstmrStmt></Document>
