<?xml version='1.0' encoding='utf-8'?>
<Document xmlns="urn:iso:std:iso:20022:tech:xsd:camt.053.001.08"><BkToCstmrStmt><GrpHdr><MsgId>MSG85943600-MFLMRM</MsgId><CreDtTm>2024-09-27T19:47:24.082+03:00</CreDtTm><MsgPgntn><PgNb>1</PgNb><LastPgInd>true</LastPgInd></MsgPgntn><OrgnlBizQry><MsgId>MSG20811610-WEVAXJ</MsgId></OrgnlBizQry></GrpHdr><Stmt><Id>MSG47599162-YXQPIU</Id><Acct><Id><Othr><Id>LT625883379695428516</Id></Othr></Id><Tp><Prtry>ATSISK</Prtry></Tp><Ccy>EUR</Ccy><Ownr><Id><OrgId><AnyBIC>DEUTBEB4NDX</AnyBIC></OrgId></Id></Ownr></Acct><Bal><Tp><CdOrPrtry><Cd>OPBD</Cd></CdOrPrtry></Tp><Amt Ccy="EUR">21434200.62</Amt><Dt><Dt>2024-09-27</Dt></Dt><Avlbty><Amt Ccy="EUR">21433200.62</Amt></Avlbty></Bal><Bal><Tp><CdOrPrtry><Cd>CLBD</Cd></CdOrPrtry></Tp><Amt Ccy="EUR">19598117.21</Amt><Dt><Dt>2024-09-27</Dt></Dt><Avlbty><Amt Ccy="EUR">19597117.21</Amt></Avlbty></Bal><Ntry><NtryRef>REF000023291558</NtryRef><Amt Ccy="EUR">38752</Amt><CdtDbtInd>DBIT</CdtDbtInd><AcctSvcrRef>REF000023303800</AcctSvcrRef><BkTxCd><Prtry><Cd>ATSISK</Cd></Prtry></BkTxCd><NtryDtls><Btch><NbOfTxs>2</NbOfTxs></Btch><TxDtls><Amt Ccy="EUR">38752</Amt></TxDtls></NtryDtls></Ntry><Ntry><NtryRef>REF000023317264</NtryRef><Amt Ccy="EUR">406.96</Amt><CdtDbtInd>DBIT</CdtDbtInd><AcctSvcrRef>REF000023326646</AcctSvcrRef><BkTxCd><Prtry><Cd>ATSISK</Cd></Prtry></BkTxCd><NtryDtls><Btch><NbOfTxs>1</NbOfTxs></Btch><TxDtls><Amt Ccy="EUR">406.96</Amt></TxDtls></NtryDtls></Ntry><Ntry><NtryRef>REF000023331092</NtryRef><Amt Ccy="EUR">1371663.81</Amt><CdtDbtInd>CRDT</CdtDbtInd><AcctSvcrRef>REF000023345239</AcctSvcrRef><BkTxCd><Prtry><Cd>ATSISK</Cd></Prtry></BkTxCd><NtryDtls><Btch><NbOfTxs>262</NbOfTxs></Btch><TxDtls><Amt Ccy="EUR">1371663.81</Amt></TxDtls></NtryDtls></Ntry><Ntry><NtryRef>REF000023358851</NtryRef><Amt Ccy="EUR">500</Amt><CdtDbtInd>DBIT</CdtDbtInd><AcctSvcrRef>REF000023361558</AcctSvcrRef><BkTxCd><Prtry><Cd>ATSISK</Cd></Prtry></BkTxCd><NtryDtls><Btch><NbOfTxs>1</NbOfTxs></Btch><TxDtls><Amt Ccy="EUR">500</Amt></TxDtls></NtryDtls></Ntry><Ntry><NtryRef>REF000023371331</NtryRef><Amt Ccy="EUR">201</Amt><CdtDbtInd>DBIT</CdtDbtInd><AcctSvcrRef>REF000023381748</AcctSvcrRef><BkTxCd><Prtry><Cd>ATSISK</Cd></Prtry></BkTxCd><NtryDtls><Btch><NbOfTxs>1</NbOfTxs></Btch><TxDtls><Amt Ccy="EUR">201</Amt></TxDtls></NtryDtls></Ntry><Ntry><NtryRef>REF000023391734</NtryRef><Amt Ccy="EUR">1966485.56</Amt><CdtDbtInd>DBIT</CdtDbtInd><AcctSvcrRef>REF000023409955</AcctSvcrRef><BkTxCd><Prtry><Cd>KLIRNG</Cd></Prtry></BkTxCd><NtryDtls><Btch><NbOfTxs>7</NbOfTxs></Btch><TxDtls><Amt Ccy="EUR">1966485.56</Amt></TxDtls></NtryDtls></Ntry><Ntry><NtryRef>REF000023415235</NtryRef><Amt Ccy="EUR">1159962</Amt><CdtDbtInd>DBIT</CdtDbtInd><AcctSvcrRef>REF000023428309</AcctSvcrRef><BkTxCd><Prtry><Cd>ATSISK</Cd></Prtry></BkTxCd><NtryDtls><Btch><NbOfTxs>11</NbOfTxs></Btch><TxDtls><Amt Ccy="EUR">1159962</Amt></TxDtls></NtryDtls></Ntry><Ntry><NtryRef>REF000023439900</NtryRef><Amt Ccy="EUR">58438</Amt><CdtDbtInd>DBIT</CdtDbtInd><AcctSvcrRef>REF000023449124</AcctSvcrRef><BkTxCd><Prtry><Cd>ATSISK</Cd></Prtry></BkTxCd><NtryDtls><Btch><NbOfTxs>4</NbOfTxs></Btch><TxDtls><Amt Ccy="EUR">58438</Amt></TxDtls></NtryDtls></Ntry><Ntry><NtryRef>REF000023453697</NtryRef><Amt Ccy="EUR">19928.51</Amt><CdtDbtInd>CRDT</CdtDbtInd><AcctSvcrRef>REF000023462611</AcctSvcrRef><BkTxCd><Prtry><Cd>ATSISK</Cd></Prtry></BkTxCd><NtryDtls><Btch><NbOfTxs>1</NbOfTxs></Btch><TxDtls><Amt Ccy="EUR">19928.51</Amt></TxDtls></NtryDtls></Ntry><Ntry><NtryRef>REF000023474704</NtryRef><Amt Ccy="EUR">10095</Amt><CdtDbtInd>DBIT</CdtDbtInd><AcctSvcrRef>REF000023484477</AcctSvcrRef><BkTxCd><Prtry><Cd>ATSISK</Cd></Prtry></BkTxCd><NtryDtls><Btch><NbOfTxs>1</NbOfTxs></Btch><TxDtls><Amt Ccy="EUR">10095</Amt></TxDtls></NtryDtls></Ntry><Ntry><NtryRef>REF000023491655</NtryRef><Amt Ccy="EUR">80.65</Amt><CdtDbtInd>CRDT</CdtDbtInd><AcctSvcrRef>REF000023505284</AcctSvcrRef><BkTxCd><Prtry><Cd>ATSISK</Cd></Prtry></BkTxCd><NtryDtls><Btch><NbOfTxs>1</NbOfTxs></Btch><TxDtls><Amt Ccy="EUR">80.65</Amt></TxDtls></NtryDtls></Ntry><Ntry><NtryRef>REF000023511655</NtryRef><Amt Ccy="EUR">80.65</Amt><CdtDbtInd>DBIT</CdtDbtInd><AcctSvcrRef>REF000023525284</AcctSvcrRef><BkTxCd><Prtry><Cd>ATSISK</Cd></Prtry></BkTxCd><NtryDtls><Btch><NbOfTxs>1</NbOfTxs></Btch><TxDtls><Amt Ccy="EUR">80.65</Amt></TxDtls></NtryDtls></Ntry><Ntry><NtryRef>REF000023539407</NtryRef><Amt Ccy="EUR">275</Amt><CdtDbtInd>DBIT</CdtDbtInd><AcctSvcrRef>REF000023549658</AcctSvcrRef><BkTxCd><Prtry><Cd>ATSISK</Cd></Prtry></BkTxCd><NtryDtls><Btch><NbOfTxs>1</NbOfTxs></Btch><TxDtls><Amt Ccy="EUR">275</Amt></TxDtls></NtryDtls></Ntry><Ntry><NtryRef>REF000023557078</NtryRef><Amt Ccy="EUR">7439.79</Amt><CdtDbtInd>CRDT</CdtDbtInd><AcctSvcrRef>REF000023562822</AcctSvcrRef><BkTxCd><Prtry><Cd>ATSISK</Cd></Prtry></BkTxCd><NtryDtls><Btch><NbOfTxs>1</NbOfTxs></Btch><TxDtls><Amt Ccy="EUR">7439.79</Amt></TxDtls></NtryDtls></Ntry></Stmt></BkToCstmrStmt></Document>
