<?xml version='1.0' encoding='utf-8'?>
<Document xmlns="urn:iso:std:iso:20022:tech:xsd:camt.053.001.08"><BkToCstmrStmt><GrpHdr><MsgId>MSG85943600-MFLMRM</MsgId><CreDtTm>2024-04-02T19:48:25.083+03:00</CreDtTm><MsgPgntn><PgNb>2</PgNb><LastPgInd>true</LastPgInd></MsgPgntn><OrgnlBizQry><MsgId>MSG32886394-TQWYOG</MsgId></OrgnlBizQry></GrpHdr><Stmt><Id>MSG20965130-CAFBAO</Id><Acct><Id><Othr><Id>LT625883379695428516</Id></Othr></Id><Tp><Prtry>ATSISK</Prtry></Tp><Ccy>EUR</Ccy><Ownr><Id><OrgId><AnyBIC>DEUTBEB4NDX</AnyBIC></OrgId></Id></Ownr></Acct><Bal><Tp><CdOrPrtry><Cd>OPBD</Cd></CdOrPrtry></Tp><Amt Ccy="EUR">18080772.11</Amt><Dt><Dt>2024-04-02</Dt></Dt><Avlbty><Amt Ccy="EUR">18079772.11</Amt></Avlbty></Bal><Bal><Tp><CdOrPrtry><Cd>CLBD</Cd></CdOrPrtry></Tp><Amt Ccy="EUR">18083042.49</Amt><Dt><Dt>2024-04-02</Dt></Dt><Avlbty><Amt Ccy="EUR">18082042.49</Amt></Avlbty></Bal><Ntry><NtryRef>REF000002498280</NtryRef><Amt Ccy="EUR">596.4</Amt><CdtDbtInd>DBIT</CdtDbtInd><AcctSvcrRef>REF000002501452</AcctSvcrRef><BkTxCd><Prtry><Cd>ATSISK</Cd></Prtry></BkTxCd><NtryDtls><Btch><NbOfTxs>1</NbOfTxs></Btch><TxDtls><Amt Ccy="EUR">596.4</Amt></TxDtls></NtryDtls></Ntry><Ntry><NtryRef>REF000002519665</NtryRef><Amt Ccy="EUR">18728</Amt><CdtDbtInd>CRDT</CdtDbtInd><AcctSvcrRef>REF000002526020</AcctSvcrRef><BkTxCd><Prtry><Cd>ATSISK</Cd></Prtry></BkTxCd><NtryDtls><Btch><NbOfTxs>1</NbOfTxs></Btch><TxDtls><Amt Ccy="EUR">18728</Amt></TxDtls></NtryDtls></Ntry><Ntry><NtryRef>REF000002539665</NtryRef><Amt Ccy="EUR">19416</Amt><CdtDbtInd>DBIT</CdtDbtInd><AcctSvcrRef>REF000002546020</AcctSvcrRef><BkTxCd><Prtry><Cd>ATSISK</Cd></Prtry></BkTxCd><NtryDtls><Btch><NbOfTxs>2</NbOfTxs></Btch><TxDtls><Amt Ccy="EUR">19416</Amt></TxDtls></NtryDtls></Ntry><Ntry><NtryRef>REF000002551092</NtryRef><Amt Ccy="EUR">954625.48</Amt><CdtDbtInd>CRDT</CdtDbtInd><AcctSvcrRef>REF000002565239</AcctSvcrRef><BkTxCd><Prtry><Cd>ATSISK</Cd></Prtry></BkTxCd><NtryDtls><Btch><NbOfTxs>255</NbOfTxs></Btch><TxDtls><Amt Ccy="EUR">954625.48</Amt></TxDtls></NtryDtls></Ntry><Ntry><NtryRef>REF000002571092</NtryRef><Amt Ccy="EUR">592.2</Amt><CdtDbtInd>DBIT</CdtDbtInd><AcctSvcrRef>REF000002585239</AcctSvcrRef><BkTxCd><Prtry><Cd>ATSISK</Cd></Prtry></BkTxCd><NtryDtls><Btch><NbOfTxs>1</NbOfTxs></Btch><TxDtls><Amt Ccy="EUR">592.2</Amt></TxDtls></NtryDtls></Ntry><Ntry><NtryRef>REF000002591331</NtryRef><Amt Ccy="EUR">6705</Amt><CdtDbtInd>DBIT</CdtDbtInd><AcctSvcrRef>REF000002601748</AcctSvcrRef><BkTxCd><Prtry><Cd>ATSISK</Cd></Prtry></BkTxCd><NtryDtls><Btch><NbOfTxs>3</NbOfTxs></Btch><TxDtls><Amt Ccy="EUR">6705</Amt></TxDtls></NtryDtls></Ntry><Ntry><NtryRef>REF000002611734</NtryRef><Amt Ccy="EUR">343773.14</Amt><CdtDbtInd>DBIT</CdtDbtInd><AcctSvcrRef>REF000002629955</AcctSvcrRef><BkTxCd><Prtry><Cd>KLIRNG</Cd></Prtry></BkTxCd><NtryDtls><Btch><NbOfTxs>8</NbOfTxs></Btch><TxDtls><Amt Ccy="EUR">343773.14</Amt></TxDtls></NtryDtls></Ntry><Ntry><NtryRef>REF000002635235</NtryRef><Amt Ccy="EUR">1127439.43</Amt><CdtDbtInd>DBIT</CdtDbtInd><AcctSvcrRef>REF000002648309</AcctSvcrRef><BkTxCd><Prtry><Cd>ATSISK</Cd></Prtry></BkTxCd><NtryDtls><Btch><NbOfTxs>5</NbOfTxs></Btch><TxDtls><Amt Ccy="EUR">1127439.43</Amt></TxDtls></NtryDtls></Ntry><Ntry><NtryRef>REF000002659900</NtryRef><Amt Ccy="EUR">3153</Amt><CdtDbtInd>DBIT</CdtDbtInd><AcctSvcrRef>REF000002669124</AcctSvcrRef><BkTxCd><Prtry><Cd>ATSISK</Cd></Prtry></BkTxCd><NtryDtls><Btch><NbOfTxs>1</NbOfTxs></Btch><TxDtls><Amt Ccy="EUR">3153</Amt></TxDtls></NtryDtls></Ntry><Ntry><NtryRef>REF000002676776</NtryRef><Amt Ccy="EUR">40</Amt><CdtDbtInd>CRDT</CdtDbtInd><AcctSvcrRef>REF000002684080</AcctSvcrRef><BkTxCd><Prtry><Cd>ATSISK</Cd></Prtry></BkTxCd><NtryDtls><Btch><NbOfTxs>1</NbOfTxs></Btch><TxDtls><Amt Ccy="EUR">40</Amt></TxDtls></NtryDtls></Ntry><Ntry><NtryRef>REF000002694704</NtryRef><Amt Ccy="EUR">556801.08</Amt><CdtDbtInd>CRDT</CdtDbtInd><AcctSvcrRef>REF000002704477</AcctSvcrRef><BkTxCd><Prtry><Cd>ATSISK</Cd></Prtry></BkTxCd><NtryDtls><Btch><NbOfTxs>5</NbOfTxs></Btch><TxDtls><Amt Ccy="EUR">556801.08</Amt></TxDtls></NtryDtls></Ntry><Ntry><NtryRef>REF000002714704</NtryRef><Amt Ccy="EUR">1990</Amt><CdtDbtInd>DBIT</CdtDbtInd><AcctSvcrRef>REF000002724477</AcctSvcrRef><BkTxCd><Prtry><Cd>ATSISK</Cd></Prtry></BkTxCd><NtryDtls><Btch><NbOfTxs>1</NbOfTxs></Btch><TxDtls><Amt Ccy="EUR">1990</Amt></TxDtls></NtryDtls></Ntry><Ntry><NtryRef>REF000002731655</NtryRef><Amt Ccy="EUR">5267.01</Amt><CdtDbtInd>DBIT</CdtDbtInd><AcctSvcrRef>REF000002745284</AcctSvcrRef><BkTxCd><Prtry><Cd>ATSISK</Cd></Prtry></BkTxCd><NtryDtls><Btch><NbOfTxs>2</NbOfTxs></Btch><TxDtls><Amt Ccy="EUR">5267.01</Amt></TxDtls></NtryDtls></Ntry><Ntry><NtryRef>REF000002754093</NtryRef><Amt Ccy="EUR">18992</Amt><CdtDbtInd>DBIT</CdtDbtInd><AcctSvcrRef>REF000002763955</AcctSvcrRef><BkTxCd><Prtry><Cd>ATSISK</Cd></Prtry></BkTxCd><NtryDtls><Btch><NbOfTxs>1</NbOfTxs></Btch><TxDtls><Amt Ccy="EUR">18992</Amt></TxDtls></NtryDtls></Ntry></Stmt><Stmt><Id>MSG26570417-MIBFBA</Id><Acct><Id><Othr><Id>LT414319056143772570</Id></Othr></Id><Tp><Prtry>ATSSK2</Prtry></Tp><Ccy>EUR</Ccy><Ownr><Id><OrgId><AnyBIC>DEUTBEB4NDX</AnyBIC></OrgId></Id></Ownr></Acct><Bal><Tp><CdOrPrtry><Cd>OPBD</Cd></CdOrPrtry></Tp><Amt Ccy="EUR">2801.55</Amt><Dt><Dt>2024-04-02</Dt></Dt><Avlbty><Amt Ccy="EUR">2801.55</Amt></Avlbty></Bal><Bal><Tp><CdOrPrtry><Cd>CLBD</Cd></CdOrPrtry></Tp><Amt Ccy="EUR">2801.55</Amt><Dt><Dt>2024-04-02</Dt></Dt><Avlbty><Amt Ccy="EUR">2801.55</Amt></Avlbty></Bal></Stmt></BkToCstmrStmt></Document>
