<?xml version='1.0' encoding='utf-8'?>
<Document xmlns="urn:iso:std:iso:20022:tech:xsd:camt.053.001.08"><BkToCstmrStmt><GrpHdr><MsgId>MSG85943600-MFLMRM</MsgId><CreDtTm>2024-06-28T19:47:14.513+03:00</CreDtTm><MsgPgntn><PgNb>2</PgNb><LastPgInd>true</LastPgInd></MsgPgntn><OrgnlBizQry><MsgId>MSG72698976-LHTGFP</MsgId></OrgnlBizQry></GrpHdr><Stmt><Id>MSG21860125-ZDWUOZ</Id><Acct><Id><Othr><Id>LT625883379695428516</Id></Othr></Id><Tp><Prtry>ATSISK</Prtry></Tp><Ccy>EUR</Ccy><Ownr><Id><OrgId><AnyBIC>DEUTBEB4NDX</AnyBIC></OrgId></Id></Ownr></Acct><Bal><Tp><CdOrPrtry><Cd>OPBD</Cd></CdOrPrtry></Tp><Amt Ccy="EUR">20172596.9</Amt><Dt><Dt>2024-06-28</Dt></Dt><Avlbty><Amt Ccy="EUR">20171596.9</Amt></Avlbty></Bal><Bal><Tp><CdOrPrtry><Cd>CLBD</Cd></CdOrPrtry></Tp><Amt Ccy="EUR">17728520.95</Amt><Dt><Dt>2024-06-28</Dt></Dt><Avlbty><Amt Ccy="EUR">17727520.95</Amt></Avlbty></Bal><Ntry><NtryRef>REF000012831558</NtryRef><Amt Ccy="EUR">4936</Amt><CdtDbtInd>DBIT</CdtDbtInd><AcctSvcrRef>REF000012843800</AcctSvcrRef><BkTxCd><Prtry><Cd>ATSISK</Cd></Prtry></BkTxCd><NtryDtls><Btch><NbOfTxs>2</NbOfTxs></Btch><TxDtls><Amt Ccy="EUR">4936</Amt></TxDtls></NtryDtls></Ntry><Ntry><NtryRef>REF000012853248</NtryRef><Amt Ccy="EUR">800</Amt><CdtDbtInd>DBIT</CdtDbtInd><AcctSvcrRef>REF000012866048</AcctSvcrRef><BkTxCd><Prtry><Cd>ATSISK</Cd></Prtry></BkTxCd><NtryDtls><Btch><NbOfTxs>1</NbOfTxs></Btch><TxDtls><Amt Ccy="EUR">800</Amt></TxDtls></NtryDtls></Ntry><Ntry><NtryRef>REF000012878280</NtryRef><Amt Ccy="EUR">111102</Amt><CdtDbtInd>DBIT</CdtDbtInd><AcctSvcrRef>REF000012881452</AcctSvcrRef><BkTxCd><Prtry><Cd>ATSISK</Cd></Prtry></BkTxCd><NtryDtls><Btch><NbOfTxs>1</NbOfTxs></Btch><TxDtls><Amt Ccy="EUR">111102</Amt></TxDtls></NtryDtls></Ntry><Ntry><NtryRef>REF000012899665</NtryRef><Amt Ccy="EUR">1607</Amt><CdtDbtInd>DBIT</CdtDbtInd><AcctSvcrRef>REF000012906020</AcctSvcrRef><BkTxCd><Prtry><Cd>ATSISK</Cd></Prtry></BkTxCd><NtryDtls><Btch><NbOfTxs>1</NbOfTxs></Btch><TxDtls><Amt Ccy="EUR">1607</Amt></TxDtls></NtryDtls></Ntry><Ntry><NtryRef>REF000012911092</NtryRef><Amt Ccy="EUR">941302.48</Amt><CdtDbtInd>CRDT</CdtDbtInd><AcctSvcrRef>REF000012925239</AcctSvcrRef><BkTxCd><Prtry><Cd>ATSISK</Cd></Prtry></BkTxCd><NtryDtls><Btch><NbOfTxs>212</NbOfTxs></Btch><TxDtls><Amt Ccy="EUR">941302.48</Amt></TxDtls></NtryDtls></Ntry><Ntry><NtryRef>REF000012931331</NtryRef><Amt Ccy="EUR">645</Amt><CdtDbtInd>DBIT</CdtDbtInd><AcctSvcrRef>REF000012941748</AcctSvcrRef><BkTxCd><Prtry><Cd>ATSISK</Cd></Prtry></BkTxCd><NtryDtls><Btch><NbOfTxs>2</NbOfTxs></Btch><TxDtls><Amt Ccy="EUR">645</Amt></TxDtls></NtryDtls></Ntry><Ntry><NtryRef>REF000012951734</NtryRef><Amt Ccy="EUR">2394080.43</Amt><CdtDbtInd>DBIT</CdtDbtInd><AcctSvcrRef>REF000012969955</AcctSvcrRef><BkTxCd><Prtry><Cd>KLIRNG</Cd></Prtry></BkTxCd><NtryDtls><Btch><NbOfTxs>7</NbOfTxs></Btch><TxDtls><Amt Ccy="EUR">2394080.43</Amt></TxDtls></NtryDtls></Ntry><Ntry><NtryRef>REF000012975235</NtryRef><Amt Ccy="EUR">527368</Amt><CdtDbtInd>DBIT</CdtDbtInd><AcctSvcrRef>REF000012988309</AcctSvcrRef><BkTxCd><Prtry><Cd>ATSISK</Cd></Prtry></BkTxCd><NtryDtls><Btch><NbOfTxs>17</NbOfTxs></Btch><TxDtls><Amt Ccy="EUR">527368</Amt></TxDtls></NtryDtls></Ntry><Ntry><NtryRef>REF000012999900</NtryRef><Amt Ccy="EUR">231863</Amt><CdtDbtInd>DBIT</CdtDbtInd><AcctSvcrRef>REF000013009124</AcctSvcrRef><BkTxCd><Prtry><Cd>ATSISK</Cd></Prtry></BkTxCd><NtryDtls><Btch><NbOfTxs>11</NbOfTxs></Btch><TxDtls><Amt Ccy="EUR">231863</Amt></TxDtls></NtryDtls></Ntry><Ntry><NtryRef>REF000013016776</NtryRef><Amt Ccy="EUR">250</Amt><CdtDbtInd>CRDT</CdtDbtInd><AcctSvcrRef>REF000013024080</AcctSvcrRef><BkTxCd><Prtry><Cd>ATSISK</Cd></Prtry></BkTxCd><NtryDtls><Btch><NbOfTxs>1</NbOfTxs></Btch><TxDtls><Amt Ccy="EUR">250</Amt></TxDtls></NtryDtls></Ntry><Ntry><NtryRef>REF000013034704</NtryRef><Amt Ccy="EUR">5486</Amt><CdtDbtInd>DBIT</CdtDbtInd><AcctSvcrRef>REF000013044477</AcctSvcrRef><BkTxCd><Prtry><Cd>ATSISK</Cd></Prtry></BkTxCd><NtryDtls><Btch><NbOfTxs>1</NbOfTxs></Btch><TxDtls><Amt Ccy="EUR">5486</Amt></TxDtls></NtryDtls></Ntry><Ntry><NtryRef>REF000013051655</NtryRef><Amt Ccy="EUR">225</Amt><CdtDbtInd>DBIT</CdtDbtInd><AcctSvcrRef>REF000013065284</AcctSvcrRef><BkTxCd><Prtry><Cd>ATSISK</Cd></Prtry></BkTxCd><NtryDtls><Btch><NbOfTxs>2</NbOfTxs></Btch><TxDtls><Amt Ccy="EUR">225</Amt></TxDtls></NtryDtls></Ntry><Ntry><NtryRef>REF000013074093</NtryRef><Amt Ccy="EUR">107516</Amt><CdtDbtInd>DBIT</CdtDbtInd><AcctSvcrRef>REF000013083955</AcctSvcrRef><BkTxCd><Prtry><Cd>ATSISK</Cd></Prtry></BkTxCd><NtryDtls><Btch><NbOfTxs>2</NbOfTxs></Btch><TxDtls><Amt Ccy="EUR">107516</Amt></TxDtls></NtryDtls></Ntry></Stmt><Stmt><Id>MSG16485337-ITKXPG</Id><Acct><Id><Othr><Id>LT414319056143772570</Id></Othr></Id><Tp><Prtry>ATSSK2</Prtry></Tp><Ccy>EUR</Ccy><Ownr><Id><OrgId><AnyBIC>DEUTBEB4NDX</AnyBIC></OrgId></Id></Ownr></Acct><Bal><Tp><CdOrPrtry><Cd>OPBD</Cd></CdOrPrtry></Tp><Amt Ccy="EUR">801.55</Amt><Dt><Dt>2024-06-28</Dt></Dt><Avlbty><Amt Ccy="EUR">801.55</Amt></Avlbty></Bal><Bal><Tp><CdOrPrtry><Cd>CLBD</Cd></CdOrPrtry></Tp><Amt Ccy="EUR">801.55</Amt><Dt><Dt>2024-06-28</Dt></Dt><Avlbty><Amt Ccy="EUR">801.55</Amt></Avlbty></Bal></Stmt></BkToCstmrStmt></Document>
