<?xml version='1.0' encoding='utf-8'?>
<Document xmlns="urn:iso:std:iso:20022:tech:xsd:camt.053.001.08"><BkToCstmrStmt><GrpHdr><MsgId>MSG85943600-MFLMRM</MsgId><CreDtTm>2024-07-12T19:47:22.789+03:00</CreDtTm><MsgPgntn><PgNb>2</PgNb><LastPgInd>true</LastPgInd></MsgPgntn><OrgnlBizQry><MsgId>MSG83651951-CRBXVY</MsgId></OrgnlBizQry></GrpHdr><Stmt><Id>MSG89622064-DKMYVK</Id><Acct><Id><Othr><Id>LT414319056143772570</Id></Othr></Id><Tp><Prtry>ATSSK2</Prtry></Tp><Ccy>EUR</Ccy><Ownr><Id><OrgId><AnyBIC>DEUTBEB4NDX</AnyBIC></OrgId></Id></Ownr></Acct><Bal><Tp><CdOrPrtry><Cd>OPBD</Cd></CdOrPrtry></Tp><Amt Ccy="EUR">801.55</Amt><Dt><Dt>2024-07-12</Dt></Dt><Avlbty><Amt Ccy="EUR">801.55</Amt></Avlbty></Bal><Bal><Tp><CdOrPrtry><Cd>CLBD</Cd></CdOrPrtry></Tp><Amt Ccy="EUR">801.55</Amt><Dt><Dt>2024-07-12</Dt></Dt><Avlbty><Amt Ccy="EUR">801.55</Amt></Avlbty></Bal></Stmt><Stmt><Id>MSG72159499-NBULCN</Id><Acct><Id><Othr><Id>LT625883379695428516</Id></Othr></Id><Tp><Prtry>ATSISK</Prtry></Tp><Ccy>EUR</Ccy><Ownr><Id><OrgId><AnyBIC>DEUTBEB4NDX</AnyBIC></OrgId></Id></Ownr></Acct><Bal><Tp><CdOrPrtry><Cd>OPBD</Cd></CdOrPrtry></Tp><Amt Ccy="EUR">15738933.25</Amt><Dt><Dt>2024-07-12</Dt></Dt><Avlbty><Amt Ccy="EUR">15737933.25</Amt></Avlbty></Bal><Bal><Tp><CdOrPrtry><Cd>CLBD</Cd></CdOrPrtry></Tp><Amt Ccy="EUR">16248237.83</Amt><Dt><Dt>2024-07-12</Dt></Dt><Avlbty><Amt Ccy="EUR">16247237.83</Amt></Avlbty></Bal><Ntry><NtryRef>REF000014479665</NtryRef><Amt Ccy="EUR">36424.79</Amt><CdtDbtInd>DBIT</CdtDbtInd><AcctSvcrRef>REF000014486020</AcctSvcrRef><BkTxCd><Prtry><Cd>ATSISK</Cd></Prtry></BkTxCd><NtryDtls><Btch><NbOfTxs>1</NbOfTxs></Btch><TxDtls><Amt Ccy="EUR">36424.79</Amt></TxDtls></NtryDtls></Ntry><Ntry><NtryRef>REF000014491092</NtryRef><Amt Ccy="EUR">1176614.57</Amt><CdtDbtInd>CRDT</CdtDbtInd><AcctSvcrRef>REF000014505239</AcctSvcrRef><BkTxCd><Prtry><Cd>ATSISK</Cd></Prtry></BkTxCd><NtryDtls><Btch><NbOfTxs>183</NbOfTxs></Btch><TxDtls><Amt Ccy="EUR">1176614.57</Amt></TxDtls></NtryDtls></Ntry><Ntry><NtryRef>REF000014518851</NtryRef><Amt Ccy="EUR">559.02</Amt><CdtDbtInd>DBIT</CdtDbtInd><AcctSvcrRef>REF000014521558</AcctSvcrRef><BkTxCd><Prtry><Cd>ATSISK</Cd></Prtry></BkTxCd><NtryDtls><Btch><NbOfTxs>1</NbOfTxs></Btch><TxDtls><Amt Ccy="EUR">559.02</Amt></TxDtls></NtryDtls></Ntry><Ntry><NtryRef>REF000014531734</NtryRef><Amt Ccy="EUR">418498.58</Amt><CdtDbtInd>DBIT</CdtDbtInd><AcctSvcrRef>REF000014549955</AcctSvcrRef><BkTxCd><Prtry><Cd>KLIRNG</Cd></Prtry></BkTxCd><NtryDtls><Btch><NbOfTxs>7</NbOfTxs></Btch><TxDtls><Amt Ccy="EUR">418498.58</Amt></TxDtls></NtryDtls></Ntry><Ntry><NtryRef>REF000014558735</NtryRef><Amt Ccy="EUR">434.7</Amt><CdtDbtInd>DBIT</CdtDbtInd><AcctSvcrRef>REF000014568134</AcctSvcrRef><BkTxCd><Prtry><Cd>ATSISK</Cd></Prtry></BkTxCd><NtryDtls><Btch><NbOfTxs>1</NbOfTxs></Btch><TxDtls><Amt Ccy="EUR">434.7</Amt></TxDtls></NtryDtls></Ntry><Ntry><NtryRef>REF000014579900</NtryRef><Amt Ccy="EUR">223241.22</Amt><CdtDbtInd>DBIT</CdtDbtInd><AcctSvcrRef>REF000014589124</AcctSvcrRef><BkTxCd><Prtry><Cd>ATSISK</Cd></Prtry></BkTxCd><NtryDtls><Btch><NbOfTxs>1</NbOfTxs></Btch><TxDtls><Amt Ccy="EUR">223241.22</Amt></TxDtls></NtryDtls></Ntry><Ntry><NtryRef>REF000014593697</NtryRef><Amt Ccy="EUR">11148.32</Amt><CdtDbtInd>CRDT</CdtDbtInd><AcctSvcrRef>REF000014602611</AcctSvcrRef><BkTxCd><Prtry><Cd>ATSISK</Cd></Prtry></BkTxCd><NtryDtls><Btch><NbOfTxs>1</NbOfTxs></Btch><TxDtls><Amt Ccy="EUR">11148.32</Amt></TxDtls></NtryDtls></Ntry><Ntry><NtryRef>REF000014616776</NtryRef><Amt Ccy="EUR">700</Amt><CdtDbtInd>CRDT</CdtDbtInd><AcctSvcrRef>REF000014624080</AcctSvcrRef><BkTxCd><Prtry><Cd>ATSISK</Cd></Prtry></BkTxCd><NtryDtls><Btch><NbOfTxs>1</NbOfTxs></Btch><TxDtls><Amt Ccy="EUR">700</Amt></TxDtls></NtryDtls></Ntry></Stmt></BkToCstmrStmt></Document>
