<?xml version='1.0' encoding='utf-8'?>
<Document xmlns="urn:iso:std:iso:20022:tech:xsd:camt.053.001.08"><BkToCstmrStmt><GrpHdr><MsgId>MSG85943600-MFLMRM</MsgId><CreDtTm>2024-03-18T19:48:18.706+02:00</CreDtTm><MsgPgntn><PgNb>2</PgNb><LastPgInd>true</LastPgInd></MsgPgntn><OrgnlBizQry><MsgId>MSG20899214-QPOIXE</MsgId></OrgnlBizQry></GrpHdr><Stmt><Id>MSG38084856-NRGWKX</Id><Acct><Id><Othr><Id>LT625883379695428516</Id></Othr></Id><Tp><Prtry>ATSISK</Prtry></Tp><Ccy>EUR</Ccy><Ownr><Id><OrgId><AnyBIC>DEUTBEB4NDX</AnyBIC></OrgId></Id></Ownr></Acct><Bal><Tp><CdOrPrtry><Cd>OPBD</Cd></CdOrPrtry></Tp><Amt Ccy="EUR">20435273.01</Amt><Dt><Dt>2024-03-18</Dt></Dt><Avlbty><Amt Ccy="EUR">20434273.01</Amt></Avlbty></Bal><Bal><Tp><CdOrPrtry><Cd>CLBD</Cd></CdOrPrtry></Tp><Amt Ccy="EUR">20701981.41</Amt><Dt><Dt>2024-03-18</Dt></Dt><Avlbty><Amt Ccy="EUR">20700981.41</Amt></Avlbty></Bal><Ntry><NtryRef>REF000001071092</NtryRef><Amt Ccy="EUR">508557.31</Amt><CdtDbtInd>CRDT</CdtDbtInd><AcctSvcrRef>REF000001085239</AcctSvcrRef><BkTxCd><Prtry><Cd>ATSISK</Cd></Prtry></BkTxCd><NtryDtls><Btch><NbOfTxs>112</NbOfTxs></Btch><TxDtls><Amt Ccy="EUR">508557.31</Amt></TxDtls></NtryDtls></Ntry><Ntry><NtryRef>REF000001098742</NtryRef><Amt Ccy="EUR">3000</Amt><CdtDbtInd>DBIT</CdtDbtInd><AcctSvcrRef>REF000001106461</AcctSvcrRef><BkTxCd><Prtry><Cd>ATSISK</Cd></Prtry></BkTxCd><NtryDtls><Btch><NbOfTxs>1</NbOfTxs></Btch><TxDtls><Amt Ccy="EUR">3000</Amt></TxDtls></NtryDtls></Ntry><Ntry><NtryRef>REF000001111734</NtryRef><Amt Ccy="EUR">238848.91</Amt><CdtDbtInd>DBIT</CdtDbtInd><AcctSvcrRef>REF000001129955</AcctSvcrRef><BkTxCd><Prtry><Cd>KLIRNG</Cd></Prtry></BkTxCd><NtryDtls><Btch><NbOfTxs>5</NbOfTxs></Btch><TxDtls><Amt Ccy="EUR">238848.91</Amt></TxDtls></NtryDtls></Ntry></Stmt><Stmt><Id>MSG11530736-ZLBDEH</Id><Acct><Id><Othr><Id>LT414319056143772570</Id></Othr></Id><Tp><Prtry>ATSSK2</Prtry></Tp><Ccy>EUR</Ccy><Ownr><Id><OrgId><AnyBIC>DEUTBEB4NDX</AnyBIC></OrgId></Id></Ownr></Acct><Bal><Tp><CdOrPrtry><Cd>OPBD</Cd></CdOrPrtry></Tp><Amt Ccy="EUR">4801.55</Amt><Dt><Dt>2024-03-18</Dt></Dt><Avlbty><Amt Ccy="EUR">4801.55</Amt></Avlbty></Bal><Bal><Tp><CdOrPrtry><Cd>CLBD</Cd></CdOrPrtry></Tp><Amt Ccy="EUR">4801.55</Amt><Dt><Dt>2024-03-18</Dt></Dt><Avlbty><Amt Ccy="EUR">4801.55</Amt></Avlbty></Bal></Stmt></BkToCstmrStmt></Document>
