<?xml version='1.0' encoding='utf-8'?>
<Document xmlns="urn:iso:std:iso:20022:tech:xsd:camt.053.001.08"><BkToCstmrStmt><GrpHdr><MsgId>MSG85943600-MFLMRM</MsgId><CreDtTm>2024-07-19T19:47:12.777+03:00</CreDtTm><MsgPgntn><PgNb>2</PgNb><LastPgInd>true</LastPgInd></MsgPgntn><OrgnlBizQry><MsgId>MSG83861602-FIVIAR</MsgId></OrgnlBizQry></GrpHdr><Stmt><Id>MSG34699045-GSSCII</Id><Acct><Id><Othr><Id>LT414319056143772570</Id></Othr></Id><Tp><Prtry>ATSSK2</Prtry></Tp><Ccy>EUR</Ccy><Ownr><Id><OrgId><AnyBIC>DEUTBEB4NDX</AnyBIC></OrgId></Id></Ownr></Acct><Bal><Tp><CdOrPrtry><Cd>OPBD</Cd></CdOrPrtry></Tp><Amt Ccy="EUR">801.55</Amt><Dt><Dt>2024-07-19</Dt></Dt><Avlbty><Amt Ccy="EUR">801.55</Amt></Avlbty></Bal><Bal><Tp><CdOrPrtry><Cd>CLBD</Cd></CdOrPrtry></Tp><Amt Ccy="EUR">801.55</Amt><Dt><Dt>2024-07-19</Dt></Dt><Avlbty><Amt Ccy="EUR">801.55</Amt></Avlbty></Bal></Stmt><Stmt><Id>MSG46566459-FLPDYR</Id><Acct><Id><Othr><Id>LT625883379695428516</Id></Othr></Id><Tp><Prtry>ATSISK</Prtry></Tp><Ccy>EUR</Ccy><Ownr><Id><OrgId><AnyBIC>DEUTBEB4NDX</AnyBIC></OrgId></Id></Ownr></Acct><Bal><Tp><CdOrPrtry><Cd>OPBD</Cd></CdOrPrtry></Tp><Amt Ccy="EUR">14663418.48</Amt><Dt><Dt>2024-07-19</Dt></Dt><Avlbty><Amt Ccy="EUR">14662418.48</Amt></Avlbty></Bal><Bal><Tp><CdOrPrtry><Cd>CLBD</Cd></CdOrPrtry></Tp><Amt Ccy="EUR">15677949.14</Amt><Dt><Dt>2024-07-19</Dt></Dt><Avlbty><Amt Ccy="EUR">15676949.14</Amt></Avlbty></Bal><Ntry><NtryRef>REF000015371558</NtryRef><Amt Ccy="EUR">11084</Amt><CdtDbtInd>DBIT</CdtDbtInd><AcctSvcrRef>REF000015383800</AcctSvcrRef><BkTxCd><Prtry><Cd>ATSISK</Cd></Prtry></BkTxCd><NtryDtls><Btch><NbOfTxs>1</NbOfTxs></Btch><TxDtls><Amt Ccy="EUR">11084</Amt></TxDtls></NtryDtls></Ntry><Ntry><NtryRef>REF000015391092</NtryRef><Amt Ccy="EUR">1460944.78</Amt><CdtDbtInd>CRDT</CdtDbtInd><AcctSvcrRef>REF000015405239</AcctSvcrRef><BkTxCd><Prtry><Cd>ATSISK</Cd></Prtry></BkTxCd><NtryDtls><Btch><NbOfTxs>143</NbOfTxs></Btch><TxDtls><Amt Ccy="EUR">1460944.78</Amt></TxDtls></NtryDtls></Ntry><Ntry><NtryRef>REF000015418025</NtryRef><Amt Ccy="EUR">279</Amt><CdtDbtInd>DBIT</CdtDbtInd><AcctSvcrRef>REF000015423704</AcctSvcrRef><BkTxCd><Prtry><Cd>ATSISK</Cd></Prtry></BkTxCd><NtryDtls><Btch><NbOfTxs>1</NbOfTxs></Btch><TxDtls><Amt Ccy="EUR">279</Amt></TxDtls></NtryDtls></Ntry><Ntry><NtryRef>REF000015431331</NtryRef><Amt Ccy="EUR">31</Amt><CdtDbtInd>DBIT</CdtDbtInd><AcctSvcrRef>REF000015441748</AcctSvcrRef><BkTxCd><Prtry><Cd>ATSISK</Cd></Prtry></BkTxCd><NtryDtls><Btch><NbOfTxs>1</NbOfTxs></Btch><TxDtls><Amt Ccy="EUR">31</Amt></TxDtls></NtryDtls></Ntry><Ntry><NtryRef>REF000015451734</NtryRef><Amt Ccy="EUR">108393.68</Amt><CdtDbtInd>DBIT</CdtDbtInd><AcctSvcrRef>REF000015469955</AcctSvcrRef><BkTxCd><Prtry><Cd>KLIRNG</Cd></Prtry></BkTxCd><NtryDtls><Btch><NbOfTxs>7</NbOfTxs></Btch><TxDtls><Amt Ccy="EUR">108393.68</Amt></TxDtls></NtryDtls></Ntry><Ntry><NtryRef>REF000015475235</NtryRef><Amt Ccy="EUR">313258.79</Amt><CdtDbtInd>DBIT</CdtDbtInd><AcctSvcrRef>REF000015488309</AcctSvcrRef><BkTxCd><Prtry><Cd>ATSISK</Cd></Prtry></BkTxCd><NtryDtls><Btch><NbOfTxs>6</NbOfTxs></Btch><TxDtls><Amt Ccy="EUR">313258.79</Amt></TxDtls></NtryDtls></Ntry><Ntry><NtryRef>REF000015499900</NtryRef><Amt Ccy="EUR">28651</Amt><CdtDbtInd>DBIT</CdtDbtInd><AcctSvcrRef>REF000015509124</AcctSvcrRef><BkTxCd><Prtry><Cd>ATSISK</Cd></Prtry></BkTxCd><NtryDtls><Btch><NbOfTxs>2</NbOfTxs></Btch><TxDtls><Amt Ccy="EUR">28651</Amt></TxDtls></NtryDtls></Ntry><Ntry><NtryRef>REF000015513697</NtryRef><Amt Ccy="EUR">15283.35</Amt><CdtDbtInd>CRDT</CdtDbtInd><AcctSvcrRef>REF000015522611</AcctSvcrRef><BkTxCd><Prtry><Cd>ATSISK</Cd></Prtry></BkTxCd><NtryDtls><Btch><NbOfTxs>1</NbOfTxs></Btch><TxDtls><Amt Ccy="EUR">15283.35</Amt></TxDtls></NtryDtls></Ntry></Stmt></BkToCstmrStmt></Document>
