<?xml version='1.0' encoding='utf-8'?>
<Document xmlns="urn:iso:std:iso:20022:tech:xsd:camt.053.001.08"><BkToCstmrStmt><GrpHdr><MsgId>MSG85943600-MFLMRM</MsgId><CreDtTm>2024-06-12T19:48:30.319+03:00</CreDtTm><MsgPgntn><PgNb>2</PgNb><LastPgInd>true</LastPgInd></MsgPgntn><OrgnlBizQry><MsgId>MSG89668445-UXBZMQ</MsgId></OrgnlBizQry></GrpHdr><Stmt><Id>MSG55298560-HJDZDB</Id><Acct><Id><Othr><Id>LT625883379695428516</Id></Othr></Id><Tp><Prtry>ATSISK</Prtry></Tp><Ccy>EUR</Ccy><Ownr><Id><OrgId><AnyBIC>DEUTBEB4NDX</AnyBIC></OrgId></Id></Ownr></Acct><Bal><Tp><CdOrPrtry><Cd>OPBD</Cd></CdOrPrtry></Tp><Amt Ccy="EUR">18645719.91</Amt><Dt><Dt>2024-06-12</Dt></Dt><Avlbty><Amt Ccy="EUR">18644719.91</Amt></Avlbty></Bal><Bal><Tp><CdOrPrtry><Cd>CLBD</Cd></CdOrPrtry></Tp><Amt Ccy="EUR">18752478.78</Amt><Dt><Dt>2024-06-12</Dt></Dt><Avlbty><Amt Ccy="EUR">18751478.78</Amt></Avlbty></Bal><Ntry><NtryRef>REF000011017264</NtryRef><Amt Ccy="EUR">7</Amt><CdtDbtInd>CRDT</CdtDbtInd><AcctSvcrRef>REF000011026646</AcctSvcrRef><BkTxCd><Prtry><Cd>ATSISK</Cd></Prtry></BkTxCd><NtryDtls><Btch><NbOfTxs>2</NbOfTxs></Btch><TxDtls><Amt Ccy="EUR">7</Amt></TxDtls></NtryDtls></Ntry><Ntry><NtryRef>REF000011037264</NtryRef><Amt Ccy="EUR">2</Amt><CdtDbtInd>DBIT</CdtDbtInd><AcctSvcrRef>REF000011046646</AcctSvcrRef><BkTxCd><Prtry><Cd>ATSISK</Cd></Prtry></BkTxCd><NtryDtls><Btch><NbOfTxs>2</NbOfTxs></Btch><TxDtls><Amt Ccy="EUR">2</Amt></TxDtls></NtryDtls></Ntry><Ntry><NtryRef>REF000011051092</NtryRef><Amt Ccy="EUR">229175.21</Amt><CdtDbtInd>CRDT</CdtDbtInd><AcctSvcrRef>REF000011065239</AcctSvcrRef><BkTxCd><Prtry><Cd>ATSISK</Cd></Prtry></BkTxCd><NtryDtls><Btch><NbOfTxs>161</NbOfTxs></Btch><TxDtls><Amt Ccy="EUR">229175.21</Amt></TxDtls></NtryDtls></Ntry><Ntry><NtryRef>REF000011071734</NtryRef><Amt Ccy="EUR">122416.34</Amt><CdtDbtInd>DBIT</CdtDbtInd><AcctSvcrRef>REF000011089955</AcctSvcrRef><BkTxCd><Prtry><Cd>KLIRNG</Cd></Prtry></BkTxCd><NtryDtls><Btch><NbOfTxs>7</NbOfTxs></Btch><TxDtls><Amt Ccy="EUR">122416.34</Amt></TxDtls></NtryDtls></Ntry><Ntry><NtryRef>REF000011091655</NtryRef><Amt Ccy="EUR">5</Amt><CdtDbtInd>DBIT</CdtDbtInd><AcctSvcrRef>REF000011105284</AcctSvcrRef><BkTxCd><Prtry><Cd>ATSISK</Cd></Prtry></BkTxCd><NtryDtls><Btch><NbOfTxs>1</NbOfTxs></Btch><TxDtls><Amt Ccy="EUR">5</Amt></TxDtls></NtryDtls></Ntry></Stmt><Stmt><Id>MSG19601983-QPDKGE</Id><Acct><Id><Othr><Id>LT414319056143772570</Id></Othr></Id><Tp><Prtry>ATSSK2</Prtry></Tp><Ccy>EUR</Ccy><Ownr><Id><OrgId><AnyBIC>DEUTBEB4NDX</AnyBIC></OrgId></Id></Ownr></Acct><Bal><Tp><CdOrPrtry><Cd>OPBD</Cd></CdOrPrtry></Tp><Amt Ccy="EUR">801.55</Amt><Dt><Dt>2024-06-12</Dt></Dt><Avlbty><Amt Ccy="EUR">801.55</Amt></Avlbty></Bal><Bal><Tp><CdOrPrtry><Cd>CLBD</Cd></CdOrPrtry></Tp><Amt Ccy="EUR">801.55</Amt><Dt><Dt>2024-06-12</Dt></Dt><Avlbty><Amt Ccy="EUR">801.55</Amt></Avlbty></Bal></Stmt></BkToCstmrStmt></Document>
