<?xml version='1.0' encoding='utf-8'?>
<Document xmlns="urn:iso:std:iso:20022:tech:xsd:camt.053.001.08"><BkToCstmrStmt><GrpHdr><MsgId>MSG85943600-MFLMRM</MsgId><CreDtTm>2024-08-12T19:47:26.504+03:00</CreDtTm><MsgPgntn><PgNb>2</PgNb><LastPgInd>true</LastPgInd></MsgPgntn><OrgnlBizQry><MsgId>MSG62182303-PRNEWW</MsgId></OrgnlBizQry></GrpHdr><Stmt><Id>MSG10071603-SPQKKI</Id><Acct><Id><Othr><Id>LT414319056143772570</Id></Othr></Id><Tp><Prtry>ATSSK2</Prtry></Tp><Ccy>EUR</Ccy><Ownr><Id><OrgId><AnyBIC>DEUTBEB4NDX</AnyBIC></OrgId></Id></Ownr></Acct><Bal><Tp><CdOrPrtry><Cd>OPBD</Cd></CdOrPrtry></Tp><Amt Ccy="EUR">801.55</Amt><Dt><Dt>2024-08-12</Dt></Dt><Avlbty><Amt Ccy="EUR">801.55</Amt></Avlbty></Bal><Bal><Tp><CdOrPrtry><Cd>CLBD</Cd></CdOrPrtry></Tp><Amt Ccy="EUR">801.55</Amt><Dt><Dt>2024-08-12</Dt></Dt><Avlbty><Amt Ccy="EUR">801.55</Amt></Avlbty></Bal></Stmt><Stmt><Id>MSG36829005-IGKMYX</Id><Acct><Id><Othr><Id>LT625883379695428516</Id></Othr></Id><Tp><Prtry>ATSISK</Prtry></Tp><Ccy>EUR</Ccy><Ownr><Id><OrgId><AnyBIC>DEUTBEB4NDX</AnyBIC></OrgId></Id></Ownr></Acct><Bal><Tp><CdOrPrtry><Cd>OPBD</Cd></CdOrPrtry></Tp><Amt Ccy="EUR">17850686.44</Amt><Dt><Dt>2024-08-12</Dt></Dt><Avlbty><Amt Ccy="EUR">17849686.44</Amt></Avlbty></Bal><Bal><Tp><CdOrPrtry><Cd>CLBD</Cd></CdOrPrtry></Tp><Amt Ccy="EUR">17003085.32</Amt><Dt><Dt>2024-08-12</Dt></Dt><Avlbty><Amt Ccy="EUR">17002085.32</Amt></Avlbty></Bal><Ntry><NtryRef>REF000017858280</NtryRef><Amt Ccy="EUR">105554</Amt><CdtDbtInd>DBIT</CdtDbtInd><AcctSvcrRef>REF000017861452</AcctSvcrRef><BkTxCd><Prtry><Cd>ATSISK</Cd></Prtry></BkTxCd><NtryDtls><Btch><NbOfTxs>1</NbOfTxs></Btch><TxDtls><Amt Ccy="EUR">105554</Amt></TxDtls></NtryDtls></Ntry><Ntry><NtryRef>REF000017871092</NtryRef><Amt Ccy="EUR">818404.25</Amt><CdtDbtInd>CRDT</CdtDbtInd><AcctSvcrRef>REF000017885239</AcctSvcrRef><BkTxCd><Prtry><Cd>ATSISK</Cd></Prtry></BkTxCd><NtryDtls><Btch><NbOfTxs>268</NbOfTxs></Btch><TxDtls><Amt Ccy="EUR">818404.25</Amt></TxDtls></NtryDtls></Ntry><Ntry><NtryRef>REF000017891734</NtryRef><Amt Ccy="EUR">812058.98</Amt><CdtDbtInd>DBIT</CdtDbtInd><AcctSvcrRef>REF000017909955</AcctSvcrRef><BkTxCd><Prtry><Cd>KLIRNG</Cd></Prtry></BkTxCd><NtryDtls><Btch><NbOfTxs>7</NbOfTxs></Btch><TxDtls><Amt Ccy="EUR">812058.98</Amt></TxDtls></NtryDtls></Ntry><Ntry><NtryRef>REF000017915235</NtryRef><Amt Ccy="EUR">563309.39</Amt><CdtDbtInd>DBIT</CdtDbtInd><AcctSvcrRef>REF000017928309</AcctSvcrRef><BkTxCd><Prtry><Cd>ATSISK</Cd></Prtry></BkTxCd><NtryDtls><Btch><NbOfTxs>3</NbOfTxs></Btch><TxDtls><Amt Ccy="EUR">563309.39</Amt></TxDtls></NtryDtls></Ntry><Ntry><NtryRef>REF000017939900</NtryRef><Amt Ccy="EUR">183533</Amt><CdtDbtInd>DBIT</CdtDbtInd><AcctSvcrRef>REF000017949124</AcctSvcrRef><BkTxCd><Prtry><Cd>ATSISK</Cd></Prtry></BkTxCd><NtryDtls><Btch><NbOfTxs>7</NbOfTxs></Btch><TxDtls><Amt Ccy="EUR">183533</Amt></TxDtls></NtryDtls></Ntry><Ntry><NtryRef>REF000017951655</NtryRef><Amt Ccy="EUR">1550</Amt><CdtDbtInd>DBIT</CdtDbtInd><AcctSvcrRef>REF000017965284</AcctSvcrRef><BkTxCd><Prtry><Cd>ATSISK</Cd></Prtry></BkTxCd><NtryDtls><Btch><NbOfTxs>2</NbOfTxs></Btch><TxDtls><Amt Ccy="EUR">1550</Amt></TxDtls></NtryDtls></Ntry></Stmt></BkToCstmrStmt></Document>
