<?xml version='1.0' encoding='utf-8'?>
<Document xmlns="urn:iso:std:iso:20022:tech:xsd:camt.053.001.08"><BkToCstmrStmt><GrpHdr><MsgId>MSG85943600-MFLMRM</MsgId><CreDtTm>2024-04-17T19:47:24.200+03:00</CreDtTm><MsgPgntn><PgNb>2</PgNb><LastPgInd>true</LastPgInd></MsgPgntn><OrgnlBizQry><MsgId>MSG20710166-FWLCKG</MsgId></OrgnlBizQry></GrpHdr><Stmt><Id>MSG24583003-SFQGBD</Id><Acct><Id><Othr><Id>LT625883379695428516</Id></Othr></Id><Tp><Prtry>ATSISK</Prtry></Tp><Ccy>EUR</Ccy><Ownr><Id><OrgId><AnyBIC>DEUTBEB4NDX</AnyBIC></OrgId></Id></Ownr></Acct><Bal><Tp><CdOrPrtry><Cd>OPBD</Cd></CdOrPrtry></Tp><Amt Ccy="EUR">17531150.66</Amt><Dt><Dt>2024-04-17</Dt></Dt><Avlbty><Amt Ccy="EUR">17530150.66</Amt></Avlbty></Bal><Bal><Tp><CdOrPrtry><Cd>CLBD</Cd></CdOrPrtry></Tp><Amt Ccy="EUR">18888579.04</Amt><Dt><Dt>2024-04-17</Dt></Dt><Avlbty><Amt Ccy="EUR">18887579.04</Amt></Avlbty></Bal><Ntry><NtryRef>REF000004351092</NtryRef><Amt Ccy="EUR">1752330.91</Amt><CdtDbtInd>CRDT</CdtDbtInd><AcctSvcrRef>REF000004365239</AcctSvcrRef><BkTxCd><Prtry><Cd>ATSISK</Cd></Prtry></BkTxCd><NtryDtls><Btch><NbOfTxs>404</NbOfTxs></Btch><TxDtls><Amt Ccy="EUR">1752330.91</Amt></TxDtls></NtryDtls></Ntry><Ntry><NtryRef>REF000004377512</NtryRef><Amt Ccy="EUR">611969</Amt><CdtDbtInd>CRDT</CdtDbtInd><AcctSvcrRef>REF000004383382</AcctSvcrRef><BkTxCd><Prtry><Cd>ATSISK</Cd></Prtry></BkTxCd><NtryDtls><Btch><NbOfTxs>1</NbOfTxs></Btch><TxDtls><Amt Ccy="EUR">611969</Amt></TxDtls></NtryDtls></Ntry><Ntry><NtryRef>REF000004391734</NtryRef><Amt Ccy="EUR">966929.7</Amt><CdtDbtInd>DBIT</CdtDbtInd><AcctSvcrRef>REF000004409955</AcctSvcrRef><BkTxCd><Prtry><Cd>KLIRNG</Cd></Prtry></BkTxCd><NtryDtls><Btch><NbOfTxs>7</NbOfTxs></Btch><TxDtls><Amt Ccy="EUR">966929.7</Amt></TxDtls></NtryDtls></Ntry><Ntry><NtryRef>REF000004415235</NtryRef><Amt Ccy="EUR">34942.82</Amt><CdtDbtInd>DBIT</CdtDbtInd><AcctSvcrRef>REF000004428309</AcctSvcrRef><BkTxCd><Prtry><Cd>ATSISK</Cd></Prtry></BkTxCd><NtryDtls><Btch><NbOfTxs>1</NbOfTxs></Btch><TxDtls><Amt Ccy="EUR">34942.82</Amt></TxDtls></NtryDtls></Ntry><Ntry><NtryRef>REF000004431655</NtryRef><Amt Ccy="EUR">4999.01</Amt><CdtDbtInd>DBIT</CdtDbtInd><AcctSvcrRef>REF000004445284</AcctSvcrRef><BkTxCd><Prtry><Cd>ATSISK</Cd></Prtry></BkTxCd><NtryDtls><Btch><NbOfTxs>1</NbOfTxs></Btch><TxDtls><Amt Ccy="EUR">4999.01</Amt></TxDtls></NtryDtls></Ntry></Stmt><Stmt><Id>MSG39611312-TRULPS</Id><Acct><Id><Othr><Id>LT414319056143772570</Id></Othr></Id><Tp><Prtry>ATSSK2</Prtry></Tp><Ccy>EUR</Ccy><Ownr><Id><OrgId><AnyBIC>DEUTBEB4NDX</AnyBIC></OrgId></Id></Ownr></Acct><Bal><Tp><CdOrPrtry><Cd>OPBD</Cd></CdOrPrtry></Tp><Amt Ccy="EUR">2801.55</Amt><Dt><Dt>2024-04-17</Dt></Dt><Avlbty><Amt Ccy="EUR">2801.55</Amt></Avlbty></Bal><Bal><Tp><CdOrPrtry><Cd>CLBD</Cd></CdOrPrtry></Tp><Amt Ccy="EUR">2801.55</Amt><Dt><Dt>2024-04-17</Dt></Dt><Avlbty><Amt Ccy="EUR">2801.55</Amt></Avlbty></Bal></Stmt></BkToCstmrStmt></Document>
