<?xml version='1.0' encoding='utf-8'?>
<Document xmlns="urn:iso:std:iso:20022:tech:xsd:camt.053.001.08"><BkToCstmrStmt><GrpHdr><MsgId>MSG85943600-MFLMRM</MsgId><CreDtTm>2024-06-04T19:47:24.342+03:00</CreDtTm><MsgPgntn><PgNb>2</PgNb><LastPgInd>true</LastPgInd></MsgPgntn><OrgnlBizQry><MsgId>MSG54736186-DUZKWX</MsgId></OrgnlBizQry></GrpHdr><Stmt><Id>MSG87763644-QALJAY</Id><Acct><Id><Othr><Id>LT625883379695428516</Id></Othr></Id><Tp><Prtry>ATSISK</Prtry></Tp><Ccy>EUR</Ccy><Ownr><Id><OrgId><AnyBIC>DEUTBEB4NDX</AnyBIC></OrgId></Id></Ownr></Acct><Bal><Tp><CdOrPrtry><Cd>OPBD</Cd></CdOrPrtry></Tp><Amt Ccy="EUR">18415676.68</Amt><Dt><Dt>2024-06-04</Dt></Dt><Avlbty><Amt Ccy="EUR">18414676.68</Amt></Avlbty></Bal><Bal><Tp><CdOrPrtry><Cd>CLBD</Cd></CdOrPrtry></Tp><Amt Ccy="EUR">18784968.67</Amt><Dt><Dt>2024-06-04</Dt></Dt><Avlbty><Amt Ccy="EUR">18783968.67</Amt></Avlbty></Bal><Ntry><NtryRef>REF000010011092</NtryRef><Amt Ccy="EUR">1075924.63</Amt><CdtDbtInd>CRDT</CdtDbtInd><AcctSvcrRef>REF000010025239</AcctSvcrRef><BkTxCd><Prtry><Cd>ATSISK</Cd></Prtry></BkTxCd><NtryDtls><Btch><NbOfTxs>220</NbOfTxs></Btch><TxDtls><Amt Ccy="EUR">1075924.63</Amt></TxDtls></NtryDtls></Ntry><Ntry><NtryRef>REF000010031331</NtryRef><Amt Ccy="EUR">17966.94</Amt><CdtDbtInd>DBIT</CdtDbtInd><AcctSvcrRef>REF000010041748</AcctSvcrRef><BkTxCd><Prtry><Cd>ATSISK</Cd></Prtry></BkTxCd><NtryDtls><Btch><NbOfTxs>1</NbOfTxs></Btch><TxDtls><Amt Ccy="EUR">17966.94</Amt></TxDtls></NtryDtls></Ntry><Ntry><NtryRef>REF000010051734</NtryRef><Amt Ccy="EUR">361078.69</Amt><CdtDbtInd>DBIT</CdtDbtInd><AcctSvcrRef>REF000010069955</AcctSvcrRef><BkTxCd><Prtry><Cd>KLIRNG</Cd></Prtry></BkTxCd><NtryDtls><Btch><NbOfTxs>7</NbOfTxs></Btch><TxDtls><Amt Ccy="EUR">361078.69</Amt></TxDtls></NtryDtls></Ntry><Ntry><NtryRef>REF000010075235</NtryRef><Amt Ccy="EUR">3</Amt><CdtDbtInd>CRDT</CdtDbtInd><AcctSvcrRef>REF000010088309</AcctSvcrRef><BkTxCd><Prtry><Cd>ATSISK</Cd></Prtry></BkTxCd><NtryDtls><Btch><NbOfTxs>1</NbOfTxs></Btch><TxDtls><Amt Ccy="EUR">3</Amt></TxDtls></NtryDtls></Ntry><Ntry><NtryRef>REF000010095235</NtryRef><Amt Ccy="EUR">293083</Amt><CdtDbtInd>DBIT</CdtDbtInd><AcctSvcrRef>REF000010108309</AcctSvcrRef><BkTxCd><Prtry><Cd>ATSISK</Cd></Prtry></BkTxCd><NtryDtls><Btch><NbOfTxs>5</NbOfTxs></Btch><TxDtls><Amt Ccy="EUR">293083</Amt></TxDtls></NtryDtls></Ntry><Ntry><NtryRef>REF000010112870</NtryRef><Amt Ccy="EUR">2.99</Amt><CdtDbtInd>CRDT</CdtDbtInd><AcctSvcrRef>REF000010129710</AcctSvcrRef><BkTxCd><Prtry><Cd>ATSISK</Cd></Prtry></BkTxCd><NtryDtls><Btch><NbOfTxs>1</NbOfTxs></Btch><TxDtls><Amt Ccy="EUR">2.99</Amt></TxDtls></NtryDtls></Ntry><Ntry><NtryRef>REF000010139900</NtryRef><Amt Ccy="EUR">7910</Amt><CdtDbtInd>DBIT</CdtDbtInd><AcctSvcrRef>REF000010149124</AcctSvcrRef><BkTxCd><Prtry><Cd>ATSISK</Cd></Prtry></BkTxCd><NtryDtls><Btch><NbOfTxs>2</NbOfTxs></Btch><TxDtls><Amt Ccy="EUR">7910</Amt></TxDtls></NtryDtls></Ntry><Ntry><NtryRef>REF000010154704</NtryRef><Amt Ccy="EUR">26200</Amt><CdtDbtInd>DBIT</CdtDbtInd><AcctSvcrRef>REF000010164477</AcctSvcrRef><BkTxCd><Prtry><Cd>ATSISK</Cd></Prtry></BkTxCd><NtryDtls><Btch><NbOfTxs>2</NbOfTxs></Btch><TxDtls><Amt Ccy="EUR">26200</Amt></TxDtls></NtryDtls></Ntry><Ntry><NtryRef>REF000010171655</NtryRef><Amt Ccy="EUR">400</Amt><CdtDbtInd>DBIT</CdtDbtInd><AcctSvcrRef>REF000010185284</AcctSvcrRef><BkTxCd><Prtry><Cd>ATSISK</Cd></Prtry></BkTxCd><NtryDtls><Btch><NbOfTxs>2</NbOfTxs></Btch><TxDtls><Amt Ccy="EUR">400</Amt></TxDtls></NtryDtls></Ntry></Stmt><Stmt><Id>MSG82542824-KGDETH</Id><Acct><Id><Othr><Id>LT414319056143772570</Id></Othr></Id><Tp><Prtry>ATSSK2</Prtry></Tp><Ccy>EUR</Ccy><Ownr><Id><OrgId><AnyBIC>DEUTBEB4NDX</AnyBIC></OrgId></Id></Ownr></Acct><Bal><Tp><CdOrPrtry><Cd>OPBD</Cd></CdOrPrtry></Tp><Amt Ccy="EUR">801.55</Amt><Dt><Dt>2024-06-04</Dt></Dt><Avlbty><Amt Ccy="EUR">801.55</Amt></Avlbty></Bal><Bal><Tp><CdOrPrtry><Cd>CLBD</Cd></CdOrPrtry></Tp><Amt Ccy="EUR">801.55</Amt><Dt><Dt>2024-06-04</Dt></Dt><Avlbty><Amt Ccy="EUR">801.55</Amt></Avlbty></Bal></Stmt></BkToCstmrStmt></Document>
