<?xml version='1.0' encoding='utf-8'?>
<Document xmlns="urn:iso:std:iso:20022:tech:xsd:camt.053.001.08"><BkToCstmrStmt><GrpHdr><MsgId>MSG85943600-MFLMRM</MsgId><CreDtTm>2024-06-19T19:47:22.299+03:00</CreDtTm><MsgPgntn><PgNb>2</PgNb><LastPgInd>true</LastPgInd></MsgPgntn><OrgnlBizQry><MsgId>MSG41399387-RXFESU</MsgId></OrgnlBizQry></GrpHdr><Stmt><Id>MSG92503190-WDNMDY</Id><Acct><Id><Othr><Id>LT625883379695428516</Id></Othr></Id><Tp><Prtry>ATSISK</Prtry></Tp><Ccy>EUR</Ccy><Ownr><Id><OrgId><AnyBIC>DEUTBEB4NDX</AnyBIC></OrgId></Id></Ownr></Acct><Bal><Tp><CdOrPrtry><Cd>OPBD</Cd></CdOrPrtry></Tp><Amt Ccy="EUR">18359346.97</Amt><Dt><Dt>2024-06-19</Dt></Dt><Avlbty><Amt Ccy="EUR">18358346.97</Amt></Avlbty></Bal><Bal><Tp><CdOrPrtry><Cd>CLBD</Cd></CdOrPrtry></Tp><Amt Ccy="EUR">18772421.22</Amt><Dt><Dt>2024-06-19</Dt></Dt><Avlbty><Amt Ccy="EUR">18771421.22</Amt></Avlbty></Bal><Ntry><NtryRef>REF000011751092</NtryRef><Amt Ccy="EUR">646796.75</Amt><CdtDbtInd>CRDT</CdtDbtInd><AcctSvcrRef>REF000011765239</AcctSvcrRef><BkTxCd><Prtry><Cd>ATSISK</Cd></Prtry></BkTxCd><NtryDtls><Btch><NbOfTxs>451</NbOfTxs></Btch><TxDtls><Amt Ccy="EUR">646796.75</Amt></TxDtls></NtryDtls></Ntry><Ntry><NtryRef>REF000011771734</NtryRef><Amt Ccy="EUR">233725.4</Amt><CdtDbtInd>DBIT</CdtDbtInd><AcctSvcrRef>REF000011789955</AcctSvcrRef><BkTxCd><Prtry><Cd>KLIRNG</Cd></Prtry></BkTxCd><NtryDtls><Btch><NbOfTxs>7</NbOfTxs></Btch><TxDtls><Amt Ccy="EUR">233725.4</Amt></TxDtls></NtryDtls></Ntry><Ntry><NtryRef>REF000011792870</NtryRef><Amt Ccy="EUR">1</Amt><CdtDbtInd>CRDT</CdtDbtInd><AcctSvcrRef>REF000011809710</AcctSvcrRef><BkTxCd><Prtry><Cd>ATSISK</Cd></Prtry></BkTxCd><NtryDtls><Btch><NbOfTxs>1</NbOfTxs></Btch><TxDtls><Amt Ccy="EUR">1</Amt></TxDtls></NtryDtls></Ntry><Ntry><NtryRef>REF000011816776</NtryRef><Amt Ccy="EUR">2</Amt><CdtDbtInd>CRDT</CdtDbtInd><AcctSvcrRef>REF000011824080</AcctSvcrRef><BkTxCd><Prtry><Cd>ATSISK</Cd></Prtry></BkTxCd><NtryDtls><Btch><NbOfTxs>2</NbOfTxs></Btch><TxDtls><Amt Ccy="EUR">2</Amt></TxDtls></NtryDtls></Ntry><Ntry><NtryRef>REF000011831655</NtryRef><Amt Ccy="EUR">0.1</Amt><CdtDbtInd>DBIT</CdtDbtInd><AcctSvcrRef>REF000011845284</AcctSvcrRef><BkTxCd><Prtry><Cd>ATSISK</Cd></Prtry></BkTxCd><NtryDtls><Btch><NbOfTxs>1</NbOfTxs></Btch><TxDtls><Amt Ccy="EUR">0.1</Amt></TxDtls></NtryDtls></Ntry></Stmt><Stmt><Id>MSG67980325-FGSYHP</Id><Acct><Id><Othr><Id>LT414319056143772570</Id></Othr></Id><Tp><Prtry>ATSSK2</Prtry></Tp><Ccy>EUR</Ccy><Ownr><Id><OrgId><AnyBIC>DEUTBEB4NDX</AnyBIC></OrgId></Id></Ownr></Acct><Bal><Tp><CdOrPrtry><Cd>OPBD</Cd></CdOrPrtry></Tp><Amt Ccy="EUR">801.55</Amt><Dt><Dt>2024-06-19</Dt></Dt><Avlbty><Amt Ccy="EUR">801.55</Amt></Avlbty></Bal><Bal><Tp><CdOrPrtry><Cd>CLBD</Cd></CdOrPrtry></Tp><Amt Ccy="EUR">801.55</Amt><Dt><Dt>2024-06-19</Dt></Dt><Avlbty><Amt Ccy="EUR">801.55</Amt></Avlbty></Bal></Stmt></BkToCstmrStmt></Document>
