<?xml version='1.0' encoding='utf-8'?>
<Document xmlns="urn:iso:std:iso:20022:tech:xsd:camt.053.001.08"><BkToCstmrStmt><GrpHdr><MsgId>MSG85943600-MFLMRM</MsgId><CreDtTm>2024-05-28T19:46:22.518+03:00</CreDtTm><MsgPgntn><PgNb>2</PgNb><LastPgInd>true</LastPgInd></MsgPgntn><OrgnlBizQry><MsgId>MSG83577548-AFXPKK</MsgId></OrgnlBizQry></GrpHdr><Stmt><Id>MSG48060815-IDBGOF</Id><Acct><Id><Othr><Id>LT625883379695428516</Id></Othr></Id><Tp><Prtry>ATSISK</Prtry></Tp><Ccy>EUR</Ccy><Ownr><Id><OrgId><AnyBIC>DEUTBEB4NDX</AnyBIC></OrgId></Id></Ownr></Acct><Bal><Tp><CdOrPrtry><Cd>OPBD</Cd></CdOrPrtry></Tp><Amt Ccy="EUR">20619234.25</Amt><Dt><Dt>2024-05-28</Dt></Dt><Avlbty><Amt Ccy="EUR">20618234.25</Amt></Avlbty></Bal><Bal><Tp><CdOrPrtry><Cd>CLBD</Cd></CdOrPrtry></Tp><Amt Ccy="EUR">17488554.53</Amt><Dt><Dt>2024-05-28</Dt></Dt><Avlbty><Amt Ccy="EUR">17487554.53</Amt></Avlbty></Bal><Ntry><NtryRef>REF000009191558</NtryRef><Amt Ccy="EUR">479965</Amt><CdtDbtInd>DBIT</CdtDbtInd><AcctSvcrRef>REF000009203800</AcctSvcrRef><BkTxCd><Prtry><Cd>ATSISK</Cd></Prtry></BkTxCd><NtryDtls><Btch><NbOfTxs>3</NbOfTxs></Btch><TxDtls><Amt Ccy="EUR">479965</Amt></TxDtls></NtryDtls></Ntry><Ntry><NtryRef>REF000009219665</NtryRef><Amt Ccy="EUR">160</Amt><CdtDbtInd>DBIT</CdtDbtInd><AcctSvcrRef>REF000009226020</AcctSvcrRef><BkTxCd><Prtry><Cd>ATSISK</Cd></Prtry></BkTxCd><NtryDtls><Btch><NbOfTxs>1</NbOfTxs></Btch><TxDtls><Amt Ccy="EUR">160</Amt></TxDtls></NtryDtls></Ntry><Ntry><NtryRef>REF000009231092</NtryRef><Amt Ccy="EUR">862399.1</Amt><CdtDbtInd>CRDT</CdtDbtInd><AcctSvcrRef>REF000009245239</AcctSvcrRef><BkTxCd><Prtry><Cd>ATSISK</Cd></Prtry></BkTxCd><NtryDtls><Btch><NbOfTxs>162</NbOfTxs></Btch><TxDtls><Amt Ccy="EUR">862399.1</Amt></TxDtls></NtryDtls></Ntry><Ntry><NtryRef>REF000009251331</NtryRef><Amt Ccy="EUR">4932</Amt><CdtDbtInd>DBIT</CdtDbtInd><AcctSvcrRef>REF000009261748</AcctSvcrRef><BkTxCd><Prtry><Cd>ATSISK</Cd></Prtry></BkTxCd><NtryDtls><Btch><NbOfTxs>1</NbOfTxs></Btch><TxDtls><Amt Ccy="EUR">4932</Amt></TxDtls></NtryDtls></Ntry><Ntry><NtryRef>REF000009271734</NtryRef><Amt Ccy="EUR">250789.71</Amt><CdtDbtInd>DBIT</CdtDbtInd><AcctSvcrRef>REF000009289955</AcctSvcrRef><BkTxCd><Prtry><Cd>KLIRNG</Cd></Prtry></BkTxCd><NtryDtls><Btch><NbOfTxs>7</NbOfTxs></Btch><TxDtls><Amt Ccy="EUR">250789.71</Amt></TxDtls></NtryDtls></Ntry><Ntry><NtryRef>REF000009295235</NtryRef><Amt Ccy="EUR">2914685</Amt><CdtDbtInd>DBIT</CdtDbtInd><AcctSvcrRef>REF000009308309</AcctSvcrRef><BkTxCd><Prtry><Cd>ATSISK</Cd></Prtry></BkTxCd><NtryDtls><Btch><NbOfTxs>6</NbOfTxs></Btch><TxDtls><Amt Ccy="EUR">2914685</Amt></TxDtls></NtryDtls></Ntry><Ntry><NtryRef>REF000009311994</NtryRef><Amt Ccy="EUR">1176.89</Amt><CdtDbtInd>CRDT</CdtDbtInd><AcctSvcrRef>REF000009328042</AcctSvcrRef><BkTxCd><Prtry><Cd>ATSISK</Cd></Prtry></BkTxCd><NtryDtls><Btch><NbOfTxs>1</NbOfTxs></Btch><TxDtls><Amt Ccy="EUR">1176.89</Amt></TxDtls></NtryDtls></Ntry><Ntry><NtryRef>REF000009339900</NtryRef><Amt Ccy="EUR">128296</Amt><CdtDbtInd>DBIT</CdtDbtInd><AcctSvcrRef>REF000009349124</AcctSvcrRef><BkTxCd><Prtry><Cd>ATSISK</Cd></Prtry></BkTxCd><NtryDtls><Btch><NbOfTxs>5</NbOfTxs></Btch><TxDtls><Amt Ccy="EUR">128296</Amt></TxDtls></NtryDtls></Ntry><Ntry><NtryRef>REF000009356002</NtryRef><Amt Ccy="EUR">110047</Amt><CdtDbtInd>CRDT</CdtDbtInd><AcctSvcrRef>REF000009369457</AcctSvcrRef><BkTxCd><Prtry><Cd>ATSISK</Cd></Prtry></BkTxCd><NtryDtls><Btch><NbOfTxs>1</NbOfTxs></Btch><TxDtls><Amt Ccy="EUR">110047</Amt></TxDtls></NtryDtls></Ntry><Ntry><NtryRef>REF000009372615</NtryRef><Amt Ccy="EUR">45000</Amt><CdtDbtInd>DBIT</CdtDbtInd><AcctSvcrRef>REF000009387676</AcctSvcrRef><BkTxCd><Prtry><Cd>ATSISK</Cd></Prtry></BkTxCd><NtryDtls><Btch><NbOfTxs>1</NbOfTxs></Btch><TxDtls><Amt Ccy="EUR">45000</Amt></TxDtls></NtryDtls></Ntry><Ntry><NtryRef>REF000009391655</NtryRef><Amt Ccy="EUR">150</Amt><CdtDbtInd>DBIT</CdtDbtInd><AcctSvcrRef>REF000009405284</AcctSvcrRef><BkTxCd><Prtry><Cd>ATSISK</Cd></Prtry></BkTxCd><NtryDtls><Btch><NbOfTxs>1</NbOfTxs></Btch><TxDtls><Amt Ccy="EUR">150</Amt></TxDtls></NtryDtls></Ntry><Ntry><NtryRef>REF000009414093</NtryRef><Amt Ccy="EUR">280325</Amt><CdtDbtInd>DBIT</CdtDbtInd><AcctSvcrRef>REF000009423955</AcctSvcrRef><BkTxCd><Prtry><Cd>ATSISK</Cd></Prtry></BkTxCd><NtryDtls><Btch><NbOfTxs>1</NbOfTxs></Btch><TxDtls><Amt Ccy="EUR">280325</Amt></TxDtls></NtryDtls></Ntry></Stmt><Stmt><Id>MSG49104786-QTXLSN</Id><Acct><Id><Othr><Id>LT414319056143772570</Id></Othr></Id><Tp><Prtry>ATSSK2</Prtry></Tp><Ccy>EUR</Ccy><Ownr><Id><OrgId><AnyBIC>DEUTBEB4NDX</AnyBIC></OrgId></Id></Ownr></Acct><Bal><Tp><CdOrPrtry><Cd>OPBD</Cd></CdOrPrtry></Tp><Amt Ccy="EUR">801.55</Amt><Dt><Dt>2024-05-28</Dt></Dt><Avlbty><Amt Ccy="EUR">801.55</Amt></Avlbty></Bal><Bal><Tp><CdOrPrtry><Cd>CLBD</Cd></CdOrPrtry></Tp><Amt Ccy="EUR">801.55</Amt><Dt><Dt>2024-05-28</Dt></Dt><Avlbty><Amt Ccy="EUR">801.55</Amt></Avlbty></Bal></Stmt></BkToCstmrStmt></Document>
