<?xml version='1.0' encoding='utf-8'?>
<Document xmlns="urn:iso:std:iso:20022:tech:xsd:camt.053.001.08"><BkToCstmrStmt><GrpHdr><MsgId>MSG85943600-MFLMRM</MsgId><CreDtTm>2024-09-30T19:49:24.381+03:00</CreDtTm><MsgPgntn><PgNb>1</PgNb><LastPgInd>true</LastPgInd></MsgPgntn><OrgnlBizQry><MsgId>MSG19246509-IPBYID</MsgId></OrgnlBizQry></GrpHdr><Stmt><Id>MSG44458340-XXCAYV</Id><Acct><Id><Othr><Id>LT625883379695428516</Id></Othr></Id><Tp><Prtry>ATSISK</Prtry></Tp><Ccy>EUR</Ccy><Ownr><Id><OrgId><AnyBIC>DEUTBEB4NDX</AnyBIC></OrgId></Id></Ownr></Acct><Bal><Tp><CdOrPrtry><Cd>OPBD</Cd></CdOrPrtry></Tp><Amt Ccy="EUR">19598117.21</Amt><Dt><Dt>2024-09-30</Dt></Dt><Avlbty><Amt Ccy="EUR">19597117.21</Amt></Avlbty></Bal><Bal><Tp><CdOrPrtry><Cd>CLBD</Cd></CdOrPrtry></Tp><Amt Ccy="EUR">19840350.07</Amt><Dt><Dt>2024-09-30</Dt></Dt><Avlbty><Amt Ccy="EUR">19839350.07</Amt></Avlbty></Bal><Ntry><NtryRef>REF000023577264</NtryRef><Amt Ccy="EUR">398</Amt><CdtDbtInd>CRDT</CdtDbtInd><AcctSvcrRef>REF000023586646</AcctSvcrRef><BkTxCd><Prtry><Cd>ATSISK</Cd></Prtry></BkTxCd><NtryDtls><Btch><NbOfTxs>1</NbOfTxs></Btch><TxDtls><Amt Ccy="EUR">398</Amt></TxDtls></NtryDtls></Ntry><Ntry><NtryRef>REF000023597264</NtryRef><Amt Ccy="EUR">300</Amt><CdtDbtInd>DBIT</CdtDbtInd><AcctSvcrRef>REF000023606646</AcctSvcrRef><BkTxCd><Prtry><Cd>ATSISK</Cd></Prtry></BkTxCd><NtryDtls><Btch><NbOfTxs>1</NbOfTxs></Btch><TxDtls><Amt Ccy="EUR">300</Amt></TxDtls></NtryDtls></Ntry><Ntry><NtryRef>REF000023611092</NtryRef><Amt Ccy="EUR">775909.97</Amt><CdtDbtInd>CRDT</CdtDbtInd><AcctSvcrRef>REF000023625239</AcctSvcrRef><BkTxCd><Prtry><Cd>ATSISK</Cd></Prtry></BkTxCd><NtryDtls><Btch><NbOfTxs>327</NbOfTxs></Btch><TxDtls><Amt Ccy="EUR">775909.97</Amt></TxDtls></NtryDtls></Ntry><Ntry><NtryRef>REF000023635587</NtryRef><Amt Ccy="EUR">17.87</Amt><CdtDbtInd>DBIT</CdtDbtInd><AcctSvcrRef>REF000023649956</AcctSvcrRef><BkTxCd><Prtry><Cd>ATSISK</Cd></Prtry></BkTxCd><NtryDtls><Btch><NbOfTxs>1</NbOfTxs></Btch><TxDtls><Amt Ccy="EUR">17.87</Amt></TxDtls></NtryDtls></Ntry><Ntry><NtryRef>REF000023658851</NtryRef><Amt Ccy="EUR">700</Amt><CdtDbtInd>DBIT</CdtDbtInd><AcctSvcrRef>REF000023661558</AcctSvcrRef><BkTxCd><Prtry><Cd>ATSISK</Cd></Prtry></BkTxCd><NtryDtls><Btch><NbOfTxs>1</NbOfTxs></Btch><TxDtls><Amt Ccy="EUR">700</Amt></TxDtls></NtryDtls></Ntry><Ntry><NtryRef>REF000023671734</NtryRef><Amt Ccy="EUR">491105.74</Amt><CdtDbtInd>DBIT</CdtDbtInd><AcctSvcrRef>REF000023689955</AcctSvcrRef><BkTxCd><Prtry><Cd>KLIRNG</Cd></Prtry></BkTxCd><NtryDtls><Btch><NbOfTxs>7</NbOfTxs></Btch><TxDtls><Amt Ccy="EUR">491105.74</Amt></TxDtls></NtryDtls></Ntry><Ntry><NtryRef>REF000023691655</NtryRef><Amt Ccy="EUR">373</Amt><CdtDbtInd>DBIT</CdtDbtInd><AcctSvcrRef>REF000023705284</AcctSvcrRef><BkTxCd><Prtry><Cd>ATSISK</Cd></Prtry></BkTxCd><NtryDtls><Btch><NbOfTxs>4</NbOfTxs></Btch><TxDtls><Amt Ccy="EUR">373</Amt></TxDtls></NtryDtls></Ntry><Ntry><NtryRef>REF000023719738</NtryRef><Amt Ccy="EUR">80.45</Amt><CdtDbtInd>CRDT</CdtDbtInd><AcctSvcrRef>REF000023721533</AcctSvcrRef><BkTxCd><Prtry><Cd>ATSISK</Cd></Prtry></BkTxCd><NtryDtls><Btch><NbOfTxs>1</NbOfTxs></Btch><TxDtls><Amt Ccy="EUR">80.45</Amt></TxDtls></NtryDtls></Ntry><Ntry><NtryRef>REF000023732845</NtryRef><Amt Ccy="EUR">41658.95</Amt><CdtDbtInd>DBIT</CdtDbtInd><AcctSvcrRef>REF000023742208</AcctSvcrRef><BkTxCd><Prtry><Cd>ATSISK</Cd></Prtry></BkTxCd><NtryDtls><Btch><NbOfTxs>1</NbOfTxs></Btch><TxDtls><Amt Ccy="EUR">41658.95</Amt></TxDtls></NtryDtls></Ntry></Stmt></BkToCstmrStmt></Document>
