<?xml version='1.0' encoding='utf-8'?>
<Document xmlns="urn:iso:std:iso:20022:tech:xsd:camt.053.001.08"><BkToCstmrStmt><GrpHdr><MsgId>MSG85943600-MFLMRM</MsgId><CreDtTm>2024-03-07T19:47:17.828+02:00</CreDtTm><MsgPgntn><PgNb>2</PgNb><LastPgInd>true</LastPgInd></MsgPgntn><OrgnlBizQry><MsgId>MSG95460860-NOJTCS</MsgId></OrgnlBizQry></GrpHdr><Stmt><Id>MSG66141212-AUHHDI</Id><Acct><Id><Othr><Id>LT625883379695428516</Id></Othr></Id><Tp><Prtry>ATSISK</Prtry></Tp><Ccy>EUR</Ccy><Ownr><Id><OrgId><AnyBIC>DEUTBEB4NDX</AnyBIC></OrgId></Id></Ownr></Acct><Bal><Tp><CdOrPrtry><Cd>OPBD</Cd></CdOrPrtry></Tp><Amt Ccy="EUR">21081222.58</Amt><Dt><Dt>2024-03-07</Dt></Dt><Avlbty><Amt Ccy="EUR">21080222.58</Amt></Avlbty></Bal><Bal><Tp><CdOrPrtry><Cd>CLBD</Cd></CdOrPrtry></Tp><Amt Ccy="EUR">21903960.39</Amt><Dt><Dt>2024-03-07</Dt></Dt><Avlbty><Amt Ccy="EUR">21902960.39</Amt></Avlbty></Bal><Ntry><NtryRef>REF000000011092</NtryRef><Amt Ccy="EUR">828531.98</Amt><CdtDbtInd>CRDT</CdtDbtInd><AcctSvcrRef>REF000000025239</AcctSvcrRef><BkTxCd><Prtry><Cd>ATSISK</Cd></Prtry></BkTxCd><NtryDtls><Btch><NbOfTxs>86</NbOfTxs></Btch><TxDtls><Amt Ccy="EUR">828531.98</Amt></TxDtls></NtryDtls></Ntry><Ntry><NtryRef>REF000000038851</NtryRef><Amt Ccy="EUR">0.2</Amt><CdtDbtInd>DBIT</CdtDbtInd><AcctSvcrRef>REF000000041558</AcctSvcrRef><BkTxCd><Prtry><Cd>ATSISK</Cd></Prtry></BkTxCd><NtryDtls><Btch><NbOfTxs>1</NbOfTxs></Btch><TxDtls><Amt Ccy="EUR">0.2</Amt></TxDtls></NtryDtls></Ntry><Ntry><NtryRef>REF000000051734</NtryRef><Amt Ccy="EUR">5793.97</Amt><CdtDbtInd>DBIT</CdtDbtInd><AcctSvcrRef>REF000000069955</AcctSvcrRef><BkTxCd><Prtry><Cd>KLIRNG</Cd></Prtry></BkTxCd><NtryDtls><Btch><NbOfTxs>3</NbOfTxs></Btch><TxDtls><Amt Ccy="EUR">5793.97</Amt></TxDtls></NtryDtls></Ntry></Stmt><Stmt><Id>MSG64056289-VSGMBR</Id><Acct><Id><Othr><Id>LT414319056143772570</Id></Othr></Id><Tp><Prtry>ATSSK2</Prtry></Tp><Ccy>EUR</Ccy><Ownr><Id><OrgId><AnyBIC>DEUTBEB4NDX</AnyBIC></OrgId></Id></Ownr></Acct><Bal><Tp><CdOrPrtry><Cd>OPBD</Cd></CdOrPrtry></Tp><Amt Ccy="EUR">4801.55</Amt><Dt><Dt>2024-03-07</Dt></Dt><Avlbty><Amt Ccy="EUR">4801.55</Amt></Avlbty></Bal><Bal><Tp><CdOrPrtry><Cd>CLBD</Cd></CdOrPrtry></Tp><Amt Ccy="EUR">4801.55</Amt><Dt><Dt>2024-03-07</Dt></Dt><Avlbty><Amt Ccy="EUR">4801.55</Amt></Avlbty></Bal></Stmt></BkToCstmrStmt></Document>
