<?xml version='1.0' encoding='utf-8'?>
<Document xmlns="urn:iso:std:iso:20022:tech:xsd:camt.053.001.08"><BkToCstmrStmt><GrpHdr><MsgId>MSG85943600-MFLMRM</MsgId><CreDtTm>2024-05-02T19:48:19.224+03:00</CreDtTm><MsgPgntn><PgNb>2</PgNb><LastPgInd>true</LastPgInd></MsgPgntn><OrgnlBizQry><MsgId>MSG64189009-JDOTRA</MsgId></OrgnlBizQry></GrpHdr><Stmt><Id>MSG91848026-MQHHCB</Id><Acct><Id><Othr><Id>LT625883379695428516</Id></Othr></Id><Tp><Prtry>ATSISK</Prtry></Tp><Ccy>EUR</Ccy><Ownr><Id><OrgId><AnyBIC>DEUTBEB4NDX</AnyBIC></OrgId></Id></Ownr></Acct><Bal><Tp><CdOrPrtry><Cd>OPBD</Cd></CdOrPrtry></Tp><Amt Ccy="EUR">17484138.64</Amt><Dt><Dt>2024-05-02</Dt></Dt><Avlbty><Amt Ccy="EUR">17483138.64</Amt></Avlbty></Bal><Bal><Tp><CdOrPrtry><Cd>CLBD</Cd></CdOrPrtry></Tp><Amt Ccy="EUR">18205645.15</Amt><Dt><Dt>2024-05-02</Dt></Dt><Avlbty><Amt Ccy="EUR">18204645.15</Amt></Avlbty></Bal><Ntry><NtryRef>REF000005898267</NtryRef><Amt Ccy="EUR">1200.63</Amt><CdtDbtInd>CRDT</CdtDbtInd><AcctSvcrRef>REF000005904440</AcctSvcrRef><BkTxCd><Prtry><Cd>ATSISK</Cd></Prtry></BkTxCd><NtryDtls><Btch><NbOfTxs>1</NbOfTxs></Btch><TxDtls><Amt Ccy="EUR">1200.63</Amt></TxDtls></NtryDtls></Ntry><Ntry><NtryRef>REF000005918280</NtryRef><Amt Ccy="EUR">449</Amt><CdtDbtInd>DBIT</CdtDbtInd><AcctSvcrRef>REF000005921452</AcctSvcrRef><BkTxCd><Prtry><Cd>ATSISK</Cd></Prtry></BkTxCd><NtryDtls><Btch><NbOfTxs>1</NbOfTxs></Btch><TxDtls><Amt Ccy="EUR">449</Amt></TxDtls></NtryDtls></Ntry><Ntry><NtryRef>REF000005931092</NtryRef><Amt Ccy="EUR">1869017.03</Amt><CdtDbtInd>CRDT</CdtDbtInd><AcctSvcrRef>REF000005945239</AcctSvcrRef><BkTxCd><Prtry><Cd>ATSISK</Cd></Prtry></BkTxCd><NtryDtls><Btch><NbOfTxs>175</NbOfTxs></Btch><TxDtls><Amt Ccy="EUR">1869017.03</Amt></TxDtls></NtryDtls></Ntry><Ntry><NtryRef>REF000005951331</NtryRef><Amt Ccy="EUR">2316</Amt><CdtDbtInd>DBIT</CdtDbtInd><AcctSvcrRef>REF000005961748</AcctSvcrRef><BkTxCd><Prtry><Cd>ATSISK</Cd></Prtry></BkTxCd><NtryDtls><Btch><NbOfTxs>2</NbOfTxs></Btch><TxDtls><Amt Ccy="EUR">2316</Amt></TxDtls></NtryDtls></Ntry><Ntry><NtryRef>REF000005971734</NtryRef><Amt Ccy="EUR">506857.62</Amt><CdtDbtInd>DBIT</CdtDbtInd><AcctSvcrRef>REF000005989955</AcctSvcrRef><BkTxCd><Prtry><Cd>KLIRNG</Cd></Prtry></BkTxCd><NtryDtls><Btch><NbOfTxs>7</NbOfTxs></Btch><TxDtls><Amt Ccy="EUR">506857.62</Amt></TxDtls></NtryDtls></Ntry><Ntry><NtryRef>REF000005995235</NtryRef><Amt Ccy="EUR">2</Amt><CdtDbtInd>CRDT</CdtDbtInd><AcctSvcrRef>REF000006008309</AcctSvcrRef><BkTxCd><Prtry><Cd>ATSISK</Cd></Prtry></BkTxCd><NtryDtls><Btch><NbOfTxs>1</NbOfTxs></Btch><TxDtls><Amt Ccy="EUR">2</Amt></TxDtls></NtryDtls></Ntry><Ntry><NtryRef>REF000006015235</NtryRef><Amt Ccy="EUR">528409.5</Amt><CdtDbtInd>DBIT</CdtDbtInd><AcctSvcrRef>REF000006028309</AcctSvcrRef><BkTxCd><Prtry><Cd>ATSISK</Cd></Prtry></BkTxCd><NtryDtls><Btch><NbOfTxs>6</NbOfTxs></Btch><TxDtls><Amt Ccy="EUR">528409.5</Amt></TxDtls></NtryDtls></Ntry><Ntry><NtryRef>REF000006036776</NtryRef><Amt Ccy="EUR">113</Amt><CdtDbtInd>CRDT</CdtDbtInd><AcctSvcrRef>REF000006044080</AcctSvcrRef><BkTxCd><Prtry><Cd>ATSISK</Cd></Prtry></BkTxCd><NtryDtls><Btch><NbOfTxs>2</NbOfTxs></Btch><TxDtls><Amt Ccy="EUR">113</Amt></TxDtls></NtryDtls></Ntry><Ntry><NtryRef>REF000006054704</NtryRef><Amt Ccy="EUR">13200</Amt><CdtDbtInd>DBIT</CdtDbtInd><AcctSvcrRef>REF000006064477</AcctSvcrRef><BkTxCd><Prtry><Cd>ATSISK</Cd></Prtry></BkTxCd><NtryDtls><Btch><NbOfTxs>2</NbOfTxs></Btch><TxDtls><Amt Ccy="EUR">13200</Amt></TxDtls></NtryDtls></Ntry><Ntry><NtryRef>REF000006071655</NtryRef><Amt Ccy="EUR">1290.97</Amt><CdtDbtInd>CRDT</CdtDbtInd><AcctSvcrRef>REF000006085284</AcctSvcrRef><BkTxCd><Prtry><Cd>ATSISK</Cd></Prtry></BkTxCd><NtryDtls><Btch><NbOfTxs>1</NbOfTxs></Btch><TxDtls><Amt Ccy="EUR">1290.97</Amt></TxDtls></NtryDtls></Ntry><Ntry><NtryRef>REF000006091655</NtryRef><Amt Ccy="EUR">1517</Amt><CdtDbtInd>DBIT</CdtDbtInd><AcctSvcrRef>REF000006105284</AcctSvcrRef><BkTxCd><Prtry><Cd>ATSISK</Cd></Prtry></BkTxCd><NtryDtls><Btch><NbOfTxs>1</NbOfTxs></Btch><TxDtls><Amt Ccy="EUR">1517</Amt></TxDtls></NtryDtls></Ntry><Ntry><NtryRef>REF000006118113</NtryRef><Amt Ccy="EUR">97368</Amt><CdtDbtInd>DBIT</CdtDbtInd><AcctSvcrRef>REF000006129931</AcctSvcrRef><BkTxCd><Prtry><Cd>ATSISK</Cd></Prtry></BkTxCd><NtryDtls><Btch><NbOfTxs>1</NbOfTxs></Btch><TxDtls><Amt Ccy="EUR">97368</Amt></TxDtls></NtryDtls></Ntry></Stmt><Stmt><Id>MSG31135388-RSWSHR</Id><Acct><Id><Othr><Id>LT414319056143772570</Id></Othr></Id><Tp><Prtry>ATSSK2</Prtry></Tp><Ccy>EUR</Ccy><Ownr><Id><OrgId><AnyBIC>DEUTBEB4NDX</AnyBIC></OrgId></Id></Ownr></Acct><Bal><Tp><CdOrPrtry><Cd>OPBD</Cd></CdOrPrtry></Tp><Amt Ccy="EUR">801.55</Amt><Dt><Dt>2024-05-02</Dt></Dt><Avlbty><Amt Ccy="EUR">801.55</Amt></Avlbty></Bal><Bal><Tp><CdOrPrtry><Cd>CLBD</Cd></CdOrPrtry></Tp><Amt Ccy="EUR">801.55</Amt><Dt><Dt>2024-05-02</Dt></Dt><Avlbty><Amt Ccy="EUR">801.55</Amt></Avlbty></Bal></Stmt></BkToCstmrStmt></Document>
