<?xml version='1.0' encoding='utf-8'?>
<Document xmlns="urn:iso:std:iso:20022:tech:xsd:camt.053.001.08"><BkToCstmrStmt><GrpHdr><MsgId>MSG85943600-MFLMRM</MsgId><CreDtTm>2024-05-06T20:56:24.209+03:00</CreDtTm><MsgPgntn><PgNb>2</PgNb><LastPgInd>true</LastPgInd></MsgPgntn><OrgnlBizQry><MsgId>MSG67824871-AZZNVV</MsgId></OrgnlBizQry></GrpHdr><Stmt><Id>MSG28603609-GAVNNJ</Id><Acct><Id><Othr><Id>LT625883379695428516</Id></Othr></Id><Tp><Prtry>ATSISK</Prtry></Tp><Ccy>EUR</Ccy><Ownr><Id><OrgId><AnyBIC>DEUTBEB4NDX</AnyBIC></OrgId></Id></Ownr></Acct><Bal><Tp><CdOrPrtry><Cd>OPBD</Cd></CdOrPrtry></Tp><Amt Ccy="EUR">17518195.97</Amt><Dt><Dt>2024-05-06</Dt></Dt><Avlbty><Amt Ccy="EUR">17517195.97</Amt></Avlbty></Bal><Bal><Tp><CdOrPrtry><Cd>CLBD</Cd></CdOrPrtry></Tp><Amt Ccy="EUR">19158133.75</Amt><Dt><Dt>2024-05-06</Dt></Dt><Avlbty><Amt Ccy="EUR">19157133.75</Amt></Avlbty></Bal><Ntry><NtryRef>REF000006319665</NtryRef><Amt Ccy="EUR">1242</Amt><CdtDbtInd>DBIT</CdtDbtInd><AcctSvcrRef>REF000006326020</AcctSvcrRef><BkTxCd><Prtry><Cd>ATSISK</Cd></Prtry></BkTxCd><NtryDtls><Btch><NbOfTxs>1</NbOfTxs></Btch><TxDtls><Amt Ccy="EUR">1242</Amt></TxDtls></NtryDtls></Ntry><Ntry><NtryRef>REF000006331092</NtryRef><Amt Ccy="EUR">2584826.46</Amt><CdtDbtInd>CRDT</CdtDbtInd><AcctSvcrRef>REF000006345239</AcctSvcrRef><BkTxCd><Prtry><Cd>ATSISK</Cd></Prtry></BkTxCd><NtryDtls><Btch><NbOfTxs>222</NbOfTxs></Btch><TxDtls><Amt Ccy="EUR">2584826.46</Amt></TxDtls></NtryDtls></Ntry><Ntry><NtryRef>REF000006351331</NtryRef><Amt Ccy="EUR">3111</Amt><CdtDbtInd>DBIT</CdtDbtInd><AcctSvcrRef>REF000006361748</AcctSvcrRef><BkTxCd><Prtry><Cd>ATSISK</Cd></Prtry></BkTxCd><NtryDtls><Btch><NbOfTxs>2</NbOfTxs></Btch><TxDtls><Amt Ccy="EUR">3111</Amt></TxDtls></NtryDtls></Ntry><Ntry><NtryRef>REF000006371734</NtryRef><Amt Ccy="EUR">268937.08</Amt><CdtDbtInd>DBIT</CdtDbtInd><AcctSvcrRef>REF000006389955</AcctSvcrRef><BkTxCd><Prtry><Cd>KLIRNG</Cd></Prtry></BkTxCd><NtryDtls><Btch><NbOfTxs>7</NbOfTxs></Btch><TxDtls><Amt Ccy="EUR">268937.08</Amt></TxDtls></NtryDtls></Ntry><Ntry><NtryRef>REF000006395235</NtryRef><Amt Ccy="EUR">101361</Amt><CdtDbtInd>DBIT</CdtDbtInd><AcctSvcrRef>REF000006408309</AcctSvcrRef><BkTxCd><Prtry><Cd>ATSISK</Cd></Prtry></BkTxCd><NtryDtls><Btch><NbOfTxs>4</NbOfTxs></Btch><TxDtls><Amt Ccy="EUR">101361</Amt></TxDtls></NtryDtls></Ntry><Ntry><NtryRef>REF000006419900</NtryRef><Amt Ccy="EUR">1542</Amt><CdtDbtInd>DBIT</CdtDbtInd><AcctSvcrRef>REF000006429124</AcctSvcrRef><BkTxCd><Prtry><Cd>ATSISK</Cd></Prtry></BkTxCd><NtryDtls><Btch><NbOfTxs>1</NbOfTxs></Btch><TxDtls><Amt Ccy="EUR">1542</Amt></TxDtls></NtryDtls></Ntry><Ntry><NtryRef>REF000006436050</NtryRef><Amt Ccy="EUR">235123.01</Amt><CdtDbtInd>DBIT</CdtDbtInd><AcctSvcrRef>REF000006441303</AcctSvcrRef><BkTxCd><Prtry><Cd>ATSISK</Cd></Prtry></BkTxCd><NtryDtls><Btch><NbOfTxs>1</NbOfTxs></Btch><TxDtls><Amt Ccy="EUR">235123.01</Amt></TxDtls></NtryDtls></Ntry><Ntry><NtryRef>REF000006456776</NtryRef><Amt Ccy="EUR">806.41</Amt><CdtDbtInd>CRDT</CdtDbtInd><AcctSvcrRef>REF000006464080</AcctSvcrRef><BkTxCd><Prtry><Cd>ATSISK</Cd></Prtry></BkTxCd><NtryDtls><Btch><NbOfTxs>2</NbOfTxs></Btch><TxDtls><Amt Ccy="EUR">806.41</Amt></TxDtls></NtryDtls></Ntry><Ntry><NtryRef>REF000006474704</NtryRef><Amt Ccy="EUR">14000</Amt><CdtDbtInd>DBIT</CdtDbtInd><AcctSvcrRef>REF000006484477</AcctSvcrRef><BkTxCd><Prtry><Cd>ATSISK</Cd></Prtry></BkTxCd><NtryDtls><Btch><NbOfTxs>1</NbOfTxs></Btch><TxDtls><Amt Ccy="EUR">14000</Amt></TxDtls></NtryDtls></Ntry><Ntry><NtryRef>REF000006491655</NtryRef><Amt Ccy="EUR">300</Amt><CdtDbtInd>CRDT</CdtDbtInd><AcctSvcrRef>REF000006505284</AcctSvcrRef><BkTxCd><Prtry><Cd>ATSISK</Cd></Prtry></BkTxCd><NtryDtls><Btch><NbOfTxs>1</NbOfTxs></Btch><TxDtls><Amt Ccy="EUR">300</Amt></TxDtls></NtryDtls></Ntry><Ntry><NtryRef>REF000006511655</NtryRef><Amt Ccy="EUR">862</Amt><CdtDbtInd>DBIT</CdtDbtInd><AcctSvcrRef>REF000006525284</AcctSvcrRef><BkTxCd><Prtry><Cd>ATSISK</Cd></Prtry></BkTxCd><NtryDtls><Btch><NbOfTxs>2</NbOfTxs></Btch><TxDtls><Amt Ccy="EUR">862</Amt></TxDtls></NtryDtls></Ntry><Ntry><NtryRef>REF000006538113</NtryRef><Amt Ccy="EUR">315600</Amt><CdtDbtInd>DBIT</CdtDbtInd><AcctSvcrRef>REF000006549931</AcctSvcrRef><BkTxCd><Prtry><Cd>ATSISK</Cd></Prtry></BkTxCd><NtryDtls><Btch><NbOfTxs>1</NbOfTxs></Btch><TxDtls><Amt Ccy="EUR">315600</Amt></TxDtls></NtryDtls></Ntry><Ntry><NtryRef>REF000006554093</NtryRef><Amt Ccy="EUR">4217</Amt><CdtDbtInd>DBIT</CdtDbtInd><AcctSvcrRef>REF000006563955</AcctSvcrRef><BkTxCd><Prtry><Cd>ATSISK</Cd></Prtry></BkTxCd><NtryDtls><Btch><NbOfTxs>2</NbOfTxs></Btch><TxDtls><Amt Ccy="EUR">4217</Amt></TxDtls></NtryDtls></Ntry></Stmt><Stmt><Id>MSG29419350-BIUSKP</Id><Acct><Id><Othr><Id>LT414319056143772570</Id></Othr></Id><Tp><Prtry>ATSSK2</Prtry></Tp><Ccy>EUR</Ccy><Ownr><Id><OrgId><AnyBIC>DEUTBEB4NDX</AnyBIC></OrgId></Id></Ownr></Acct><Bal><Tp><CdOrPrtry><Cd>OPBD</Cd></CdOrPrtry></Tp><Amt Ccy="EUR">801.55</Amt><Dt><Dt>2024-05-06</Dt></Dt><Avlbty><Amt Ccy="EUR">801.55</Amt></Avlbty></Bal><Bal><Tp><CdOrPrtry><Cd>CLBD</Cd></CdOrPrtry></Tp><Amt Ccy="EUR">801.55</Amt><Dt><Dt>2024-05-06</Dt></Dt><Avlbty><Amt Ccy="EUR">801.55</Amt></Avlbty></Bal></Stmt></BkToCstmrStmt></Document>
