<?xml version='1.0' encoding='utf-8'?>
<Document xmlns="urn:iso:std:iso:20022:tech:xsd:camt.053.001.08"><BkToCstmrStmt><GrpHdr><MsgId>MSG85943600-MFLMRM</MsgId><CreDtTm>2024-09-02T19:48:23.499+03:00</CreDtTm><MsgPgntn><PgNb>1</PgNb><LastPgInd>true</LastPgInd></MsgPgntn><OrgnlBizQry><MsgId>MSG86728661-XKTOKW</MsgId></OrgnlBizQry></GrpHdr><Stmt><Id>MSG12261409-FEMBYK</Id><Acct><Id><Othr><Id>LT625883379695428516</Id></Othr></Id><Tp><Prtry>ATSISK</Prtry></Tp><Ccy>EUR</Ccy><Ownr><Id><OrgId><AnyBIC>DEUTBEB4NDX</AnyBIC></OrgId></Id></Ownr></Acct><Bal><Tp><CdOrPrtry><Cd>OPBD</Cd></CdOrPrtry></Tp><Amt Ccy="EUR">17186810.84</Amt><Dt><Dt>2024-09-02</Dt></Dt><Avlbty><Amt Ccy="EUR">17185810.84</Amt></Avlbty></Bal><Bal><Tp><CdOrPrtry><Cd>CLBD</Cd></CdOrPrtry></Tp><Amt Ccy="EUR">15780798.39</Amt><Dt><Dt>2024-09-02</Dt></Dt><Avlbty><Amt Ccy="EUR">15779798.39</Amt></Avlbty></Bal><Ntry><NtryRef>REF000020111092</NtryRef><Amt Ccy="EUR">1039773.43</Amt><CdtDbtInd>CRDT</CdtDbtInd><AcctSvcrRef>REF000020125239</AcctSvcrRef><BkTxCd><Prtry><Cd>ATSISK</Cd></Prtry></BkTxCd><NtryDtls><Btch><NbOfTxs>381</NbOfTxs></Btch><TxDtls><Amt Ccy="EUR">1039773.43</Amt></TxDtls></NtryDtls></Ntry><Ntry><NtryRef>REF000020131734</NtryRef><Amt Ccy="EUR">829739.28</Amt><CdtDbtInd>DBIT</CdtDbtInd><AcctSvcrRef>REF000020149955</AcctSvcrRef><BkTxCd><Prtry><Cd>KLIRNG</Cd></Prtry></BkTxCd><NtryDtls><Btch><NbOfTxs>6</NbOfTxs></Btch><TxDtls><Amt Ccy="EUR">829739.28</Amt></TxDtls></NtryDtls></Ntry><Ntry><NtryRef>REF000020155235</NtryRef><Amt Ccy="EUR">1392518</Amt><CdtDbtInd>DBIT</CdtDbtInd><AcctSvcrRef>REF000020168309</AcctSvcrRef><BkTxCd><Prtry><Cd>ATSISK</Cd></Prtry></BkTxCd><NtryDtls><Btch><NbOfTxs>2</NbOfTxs></Btch><TxDtls><Amt Ccy="EUR">1392518</Amt></TxDtls></NtryDtls></Ntry><Ntry><NtryRef>REF000020172870</NtryRef><Amt Ccy="EUR">615.39</Amt><CdtDbtInd>CRDT</CdtDbtInd><AcctSvcrRef>REF000020189710</AcctSvcrRef><BkTxCd><Prtry><Cd>ATSISK</Cd></Prtry></BkTxCd><NtryDtls><Btch><NbOfTxs>1</NbOfTxs></Btch><TxDtls><Amt Ccy="EUR">615.39</Amt></TxDtls></NtryDtls></Ntry><Ntry><NtryRef>REF000020199900</NtryRef><Amt Ccy="EUR">50300.29</Amt><CdtDbtInd>DBIT</CdtDbtInd><AcctSvcrRef>REF000020209124</AcctSvcrRef><BkTxCd><Prtry><Cd>ATSISK</Cd></Prtry></BkTxCd><NtryDtls><Btch><NbOfTxs>1</NbOfTxs></Btch><TxDtls><Amt Ccy="EUR">50300.29</Amt></TxDtls></NtryDtls></Ntry><Ntry><NtryRef>REF000020214704</NtryRef><Amt Ccy="EUR">36800</Amt><CdtDbtInd>DBIT</CdtDbtInd><AcctSvcrRef>REF000020224477</AcctSvcrRef><BkTxCd><Prtry><Cd>ATSISK</Cd></Prtry></BkTxCd><NtryDtls><Btch><NbOfTxs>2</NbOfTxs></Btch><TxDtls><Amt Ccy="EUR">36800</Amt></TxDtls></NtryDtls></Ntry><Ntry><NtryRef>REF000020239344</NtryRef><Amt Ccy="EUR">9000</Amt><CdtDbtInd>CRDT</CdtDbtInd><AcctSvcrRef>REF000020241099</AcctSvcrRef><BkTxCd><Prtry><Cd>ATSISK</Cd></Prtry></BkTxCd><NtryDtls><Btch><NbOfTxs>1</NbOfTxs></Btch><TxDtls><Amt Ccy="EUR">9000</Amt></TxDtls></NtryDtls></Ntry><Ntry><NtryRef>REF000020251655</NtryRef><Amt Ccy="EUR">500</Amt><CdtDbtInd>CRDT</CdtDbtInd><AcctSvcrRef>REF000020265284</AcctSvcrRef><BkTxCd><Prtry><Cd>ATSISK</Cd></Prtry></BkTxCd><NtryDtls><Btch><NbOfTxs>1</NbOfTxs></Btch><TxDtls><Amt Ccy="EUR">500</Amt></TxDtls></NtryDtls></Ntry><Ntry><NtryRef>REF000020271655</NtryRef><Amt Ccy="EUR">61590</Amt><CdtDbtInd>DBIT</CdtDbtInd><AcctSvcrRef>REF000020285284</AcctSvcrRef><BkTxCd><Prtry><Cd>ATSISK</Cd></Prtry></BkTxCd><NtryDtls><Btch><NbOfTxs>2</NbOfTxs></Btch><TxDtls><Amt Ccy="EUR">61590</Amt></TxDtls></NtryDtls></Ntry><Ntry><NtryRef>REF000020292845</NtryRef><Amt Ccy="EUR">62378.7</Amt><CdtDbtInd>DBIT</CdtDbtInd><AcctSvcrRef>REF000020302208</AcctSvcrRef><BkTxCd><Prtry><Cd>ATSISK</Cd></Prtry></BkTxCd><NtryDtls><Btch><NbOfTxs>1</NbOfTxs></Btch><TxDtls><Amt Ccy="EUR">62378.7</Amt></TxDtls></NtryDtls></Ntry><Ntry><NtryRef>REF000020314093</NtryRef><Amt Ccy="EUR">22575</Amt><CdtDbtInd>DBIT</CdtDbtInd><AcctSvcrRef>REF000020323955</AcctSvcrRef><BkTxCd><Prtry><Cd>ATSISK</Cd></Prtry></BkTxCd><NtryDtls><Btch><NbOfTxs>1</NbOfTxs></Btch><TxDtls><Amt Ccy="EUR">22575</Amt></TxDtls></NtryDtls></Ntry></Stmt></BkToCstmrStmt></Document>
