<?xml version='1.0' encoding='utf-8'?>
<Document xmlns="urn:iso:std:iso:20022:tech:xsd:camt.053.001.08"><BkToCstmrStmt><GrpHdr><MsgId>MSG85943600-MFLMRM</MsgId><CreDtTm>2024-04-19T19:47:19.834+03:00</CreDtTm><MsgPgntn><PgNb>2</PgNb><LastPgInd>true</LastPgInd></MsgPgntn><OrgnlBizQry><MsgId>MSG15277197-XISVLT</MsgId></OrgnlBizQry></GrpHdr><Stmt><Id>MSG72614591-JJIORV</Id><Acct><Id><Othr><Id>LT625883379695428516</Id></Othr></Id><Tp><Prtry>ATSISK</Prtry></Tp><Ccy>EUR</Ccy><Ownr><Id><OrgId><AnyBIC>DEUTBEB4NDX</AnyBIC></OrgId></Id></Ownr></Acct><Bal><Tp><CdOrPrtry><Cd>OPBD</Cd></CdOrPrtry></Tp><Amt Ccy="EUR">19517318.93</Amt><Dt><Dt>2024-04-19</Dt></Dt><Avlbty><Amt Ccy="EUR">19516318.93</Amt></Avlbty></Bal><Bal><Tp><CdOrPrtry><Cd>CLBD</Cd></CdOrPrtry></Tp><Amt Ccy="EUR">20073668.35</Amt><Dt><Dt>2024-04-19</Dt></Dt><Avlbty><Amt Ccy="EUR">20072668.35</Amt></Avlbty></Bal><Ntry><NtryRef>REF000004591092</NtryRef><Amt Ccy="EUR">780475.4</Amt><CdtDbtInd>CRDT</CdtDbtInd><AcctSvcrRef>REF000004605239</AcctSvcrRef><BkTxCd><Prtry><Cd>ATSISK</Cd></Prtry></BkTxCd><NtryDtls><Btch><NbOfTxs>92</NbOfTxs></Btch><TxDtls><Amt Ccy="EUR">780475.4</Amt></TxDtls></NtryDtls></Ntry><Ntry><NtryRef>REF000004618025</NtryRef><Amt Ccy="EUR">0.07</Amt><CdtDbtInd>DBIT</CdtDbtInd><AcctSvcrRef>REF000004623704</AcctSvcrRef><BkTxCd><Prtry><Cd>ATSISK</Cd></Prtry></BkTxCd><NtryDtls><Btch><NbOfTxs>1</NbOfTxs></Btch><TxDtls><Amt Ccy="EUR">0.07</Amt></TxDtls></NtryDtls></Ntry><Ntry><NtryRef>REF000004631734</NtryRef><Amt Ccy="EUR">217076.21</Amt><CdtDbtInd>DBIT</CdtDbtInd><AcctSvcrRef>REF000004649955</AcctSvcrRef><BkTxCd><Prtry><Cd>KLIRNG</Cd></Prtry></BkTxCd><NtryDtls><Btch><NbOfTxs>7</NbOfTxs></Btch><TxDtls><Amt Ccy="EUR">217076.21</Amt></TxDtls></NtryDtls></Ntry><Ntry><NtryRef>REF000004656776</NtryRef><Amt Ccy="EUR">9.5</Amt><CdtDbtInd>DBIT</CdtDbtInd><AcctSvcrRef>REF000004664080</AcctSvcrRef><BkTxCd><Prtry><Cd>ATSISK</Cd></Prtry></BkTxCd><NtryDtls><Btch><NbOfTxs>1</NbOfTxs></Btch><TxDtls><Amt Ccy="EUR">9.5</Amt></TxDtls></NtryDtls></Ntry><Ntry><NtryRef>REF000004674093</NtryRef><Amt Ccy="EUR">18889.2</Amt><CdtDbtInd>DBIT</CdtDbtInd><AcctSvcrRef>REF000004683955</AcctSvcrRef><BkTxCd><Prtry><Cd>ATSISK</Cd></Prtry></BkTxCd><NtryDtls><Btch><NbOfTxs>1</NbOfTxs></Btch><TxDtls><Amt Ccy="EUR">18889.2</Amt></TxDtls></NtryDtls></Ntry><Ntry><NtryRef>REF000004696052</NtryRef><Amt Ccy="EUR">11849</Amt><CdtDbtInd>CRDT</CdtDbtInd><AcctSvcrRef>REF000004703333</AcctSvcrRef><BkTxCd><Prtry><Cd>ATSISK</Cd></Prtry></BkTxCd><NtryDtls><Btch><NbOfTxs>1</NbOfTxs></Btch><TxDtls><Amt Ccy="EUR">11849</Amt></TxDtls></NtryDtls></Ntry></Stmt><Stmt><Id>MSG16166107-YFPPQH</Id><Acct><Id><Othr><Id>LT414319056143772570</Id></Othr></Id><Tp><Prtry>ATSSK2</Prtry></Tp><Ccy>EUR</Ccy><Ownr><Id><OrgId><AnyBIC>DEUTBEB4NDX</AnyBIC></OrgId></Id></Ownr></Acct><Bal><Tp><CdOrPrtry><Cd>OPBD</Cd></CdOrPrtry></Tp><Amt Ccy="EUR">2801.55</Amt><Dt><Dt>2024-04-19</Dt></Dt><Avlbty><Amt Ccy="EUR">2801.55</Amt></Avlbty></Bal><Bal><Tp><CdOrPrtry><Cd>CLBD</Cd></CdOrPrtry></Tp><Amt Ccy="EUR">2801.55</Amt><Dt><Dt>2024-04-19</Dt></Dt><Avlbty><Amt Ccy="EUR">2801.55</Amt></Avlbty></Bal></Stmt></BkToCstmrStmt></Document>
