<?xml version='1.0' encoding='utf-8'?>
<Document xmlns="urn:iso:std:iso:20022:tech:xsd:camt.053.001.08"><BkToCstmrStmt><GrpHdr><MsgId>MSG85943600-MFLMRM</MsgId><CreDtTm>2024-07-30T19:47:27.120+03:00</CreDtTm><MsgPgntn><PgNb>2</PgNb><LastPgInd>true</LastPgInd></MsgPgntn><OrgnlBizQry><MsgId>MSG44196985-UTIRNO</MsgId></OrgnlBizQry></GrpHdr><Stmt><Id>MSG96205541-ECFHRS</Id><Acct><Id><Othr><Id>LT414319056143772570</Id></Othr></Id><Tp><Prtry>ATSSK2</Prtry></Tp><Ccy>EUR</Ccy><Ownr><Id><OrgId><AnyBIC>DEUTBEB4NDX</AnyBIC></OrgId></Id></Ownr></Acct><Bal><Tp><CdOrPrtry><Cd>OPBD</Cd></CdOrPrtry></Tp><Amt Ccy="EUR">801.55</Amt><Dt><Dt>2024-07-30</Dt></Dt><Avlbty><Amt Ccy="EUR">801.55</Amt></Avlbty></Bal><Bal><Tp><CdOrPrtry><Cd>CLBD</Cd></CdOrPrtry></Tp><Amt Ccy="EUR">801.55</Amt><Dt><Dt>2024-07-30</Dt></Dt><Avlbty><Amt Ccy="EUR">801.55</Amt></Avlbty></Bal></Stmt><Stmt><Id>MSG47771120-QHQTBX</Id><Acct><Id><Othr><Id>LT625883379695428516</Id></Othr></Id><Tp><Prtry>ATSISK</Prtry></Tp><Ccy>EUR</Ccy><Ownr><Id><OrgId><AnyBIC>DEUTBEB4NDX</AnyBIC></OrgId></Id></Ownr></Acct><Bal><Tp><CdOrPrtry><Cd>OPBD</Cd></CdOrPrtry></Tp><Amt Ccy="EUR">17528709.09</Amt><Dt><Dt>2024-07-30</Dt></Dt><Avlbty><Amt Ccy="EUR">17527709.09</Amt></Avlbty></Bal><Bal><Tp><CdOrPrtry><Cd>CLBD</Cd></CdOrPrtry></Tp><Amt Ccy="EUR">17919396.33</Amt><Dt><Dt>2024-07-30</Dt></Dt><Avlbty><Amt Ccy="EUR">17918396.33</Amt></Avlbty></Bal><Ntry><NtryRef>REF000016371558</NtryRef><Amt Ccy="EUR">3006</Amt><CdtDbtInd>DBIT</CdtDbtInd><AcctSvcrRef>REF000016383800</AcctSvcrRef><BkTxCd><Prtry><Cd>ATSISK</Cd></Prtry></BkTxCd><NtryDtls><Btch><NbOfTxs>1</NbOfTxs></Btch><TxDtls><Amt Ccy="EUR">3006</Amt></TxDtls></NtryDtls></Ntry><Ntry><NtryRef>REF000016399665</NtryRef><Amt Ccy="EUR">9348</Amt><CdtDbtInd>CRDT</CdtDbtInd><AcctSvcrRef>REF000016406020</AcctSvcrRef><BkTxCd><Prtry><Cd>ATSISK</Cd></Prtry></BkTxCd><NtryDtls><Btch><NbOfTxs>1</NbOfTxs></Btch><TxDtls><Amt Ccy="EUR">9348</Amt></TxDtls></NtryDtls></Ntry><Ntry><NtryRef>REF000016419665</NtryRef><Amt Ccy="EUR">9348</Amt><CdtDbtInd>DBIT</CdtDbtInd><AcctSvcrRef>REF000016426020</AcctSvcrRef><BkTxCd><Prtry><Cd>ATSISK</Cd></Prtry></BkTxCd><NtryDtls><Btch><NbOfTxs>1</NbOfTxs></Btch><TxDtls><Amt Ccy="EUR">9348</Amt></TxDtls></NtryDtls></Ntry><Ntry><NtryRef>REF000016431092</NtryRef><Amt Ccy="EUR">764251.06</Amt><CdtDbtInd>CRDT</CdtDbtInd><AcctSvcrRef>REF000016445239</AcctSvcrRef><BkTxCd><Prtry><Cd>ATSISK</Cd></Prtry></BkTxCd><NtryDtls><Btch><NbOfTxs>291</NbOfTxs></Btch><TxDtls><Amt Ccy="EUR">764251.06</Amt></TxDtls></NtryDtls></Ntry><Ntry><NtryRef>REF000016451734</NtryRef><Amt Ccy="EUR">163527.82</Amt><CdtDbtInd>DBIT</CdtDbtInd><AcctSvcrRef>REF000016469955</AcctSvcrRef><BkTxCd><Prtry><Cd>KLIRNG</Cd></Prtry></BkTxCd><NtryDtls><Btch><NbOfTxs>7</NbOfTxs></Btch><TxDtls><Amt Ccy="EUR">163527.82</Amt></TxDtls></NtryDtls></Ntry><Ntry><NtryRef>REF000016475235</NtryRef><Amt Ccy="EUR">131326</Amt><CdtDbtInd>DBIT</CdtDbtInd><AcctSvcrRef>REF000016488309</AcctSvcrRef><BkTxCd><Prtry><Cd>ATSISK</Cd></Prtry></BkTxCd><NtryDtls><Btch><NbOfTxs>6</NbOfTxs></Btch><TxDtls><Amt Ccy="EUR">131326</Amt></TxDtls></NtryDtls></Ntry><Ntry><NtryRef>REF000016499900</NtryRef><Amt Ccy="EUR">43577</Amt><CdtDbtInd>DBIT</CdtDbtInd><AcctSvcrRef>REF000016509124</AcctSvcrRef><BkTxCd><Prtry><Cd>ATSISK</Cd></Prtry></BkTxCd><NtryDtls><Btch><NbOfTxs>3</NbOfTxs></Btch><TxDtls><Amt Ccy="EUR">43577</Amt></TxDtls></NtryDtls></Ntry><Ntry><NtryRef>REF000016514704</NtryRef><Amt Ccy="EUR">31927</Amt><CdtDbtInd>DBIT</CdtDbtInd><AcctSvcrRef>REF000016524477</AcctSvcrRef><BkTxCd><Prtry><Cd>ATSISK</Cd></Prtry></BkTxCd><NtryDtls><Btch><NbOfTxs>2</NbOfTxs></Btch><TxDtls><Amt Ccy="EUR">31927</Amt></TxDtls></NtryDtls></Ntry><Ntry><NtryRef>REF000016531655</NtryRef><Amt Ccy="EUR">200</Amt><CdtDbtInd>DBIT</CdtDbtInd><AcctSvcrRef>REF000016545284</AcctSvcrRef><BkTxCd><Prtry><Cd>ATSISK</Cd></Prtry></BkTxCd><NtryDtls><Btch><NbOfTxs>1</NbOfTxs></Btch><TxDtls><Amt Ccy="EUR">200</Amt></TxDtls></NtryDtls></Ntry></Stmt></BkToCstmrStmt></Document>
