<?xml version='1.0' encoding='utf-8'?>
<Document xmlns="urn:iso:std:iso:20022:tech:xsd:camt.053.001.08"><BkToCstmrStmt><GrpHdr><MsgId>MSG85943600-MFLMRM</MsgId><CreDtTm>2024-10-11T19:47:15.051+03:00</CreDtTm><MsgPgntn><PgNb>1</PgNb><LastPgInd>true</LastPgInd></MsgPgntn><OrgnlBizQry><MsgId>MSG58285258-WVLYOK</MsgId></OrgnlBizQry></GrpHdr><Stmt><Id>MSG27291845-ZGYIWH</Id><Acct><Id><Othr><Id>LT625883379695428516</Id></Othr></Id><Tp><Prtry>ATSISK</Prtry></Tp><Ccy>EUR</Ccy><Ownr><Id><OrgId><AnyBIC>DEUTBEB4NDX</AnyBIC></OrgId></Id></Ownr></Acct><Bal><Tp><CdOrPrtry><Cd>OPBD</Cd></CdOrPrtry></Tp><Amt Ccy="EUR">17945632.22</Amt><Dt><Dt>2024-10-11</Dt></Dt><Avlbty><Amt Ccy="EUR">17944632.22</Amt></Avlbty></Bal><Bal><Tp><CdOrPrtry><Cd>CLBD</Cd></CdOrPrtry></Tp><Amt Ccy="EUR">17999511.67</Amt><Dt><Dt>2024-10-11</Dt></Dt><Avlbty><Amt Ccy="EUR">17998511.67</Amt></Avlbty></Bal><Ntry><NtryRef>REF000025231092</NtryRef><Amt Ccy="EUR">1875915.46</Amt><CdtDbtInd>CRDT</CdtDbtInd><AcctSvcrRef>REF000025245239</AcctSvcrRef><BkTxCd><Prtry><Cd>ATSISK</Cd></Prtry></BkTxCd><NtryDtls><Btch><NbOfTxs>214</NbOfTxs></Btch><TxDtls><Amt Ccy="EUR">1875915.46</Amt></TxDtls></NtryDtls></Ntry><Ntry><NtryRef>REF000025252539</NtryRef><Amt Ccy="EUR">45</Amt><CdtDbtInd>CRDT</CdtDbtInd><AcctSvcrRef>REF000025264837</AcctSvcrRef><BkTxCd><Prtry><Cd>ATSISK</Cd></Prtry></BkTxCd><NtryDtls><Btch><NbOfTxs>1</NbOfTxs></Btch><TxDtls><Amt Ccy="EUR">45</Amt></TxDtls></NtryDtls></Ntry><Ntry><NtryRef>REF000025278227</NtryRef><Amt Ccy="EUR">72467.71</Amt><CdtDbtInd>CRDT</CdtDbtInd><AcctSvcrRef>REF000025282605</AcctSvcrRef><BkTxCd><Prtry><Cd>ATSISK</Cd></Prtry></BkTxCd><NtryDtls><Btch><NbOfTxs>1</NbOfTxs></Btch><TxDtls><Amt Ccy="EUR">72467.71</Amt></TxDtls></NtryDtls></Ntry><Ntry><NtryRef>REF000025297493</NtryRef><Amt Ccy="EUR">2</Amt><CdtDbtInd>DBIT</CdtDbtInd><AcctSvcrRef>REF000025302081</AcctSvcrRef><BkTxCd><Prtry><Cd>ATSISK</Cd></Prtry></BkTxCd><NtryDtls><Btch><NbOfTxs>2</NbOfTxs></Btch><TxDtls><Amt Ccy="EUR">2</Amt></TxDtls></NtryDtls></Ntry><Ntry><NtryRef>REF000025311331</NtryRef><Amt Ccy="EUR">154</Amt><CdtDbtInd>DBIT</CdtDbtInd><AcctSvcrRef>REF000025321748</AcctSvcrRef><BkTxCd><Prtry><Cd>ATSISK</Cd></Prtry></BkTxCd><NtryDtls><Btch><NbOfTxs>1</NbOfTxs></Btch><TxDtls><Amt Ccy="EUR">154</Amt></TxDtls></NtryDtls></Ntry><Ntry><NtryRef>REF000025331734</NtryRef><Amt Ccy="EUR">1905866.36</Amt><CdtDbtInd>DBIT</CdtDbtInd><AcctSvcrRef>REF000025349955</AcctSvcrRef><BkTxCd><Prtry><Cd>KLIRNG</Cd></Prtry></BkTxCd><NtryDtls><Btch><NbOfTxs>7</NbOfTxs></Btch><TxDtls><Amt Ccy="EUR">1905866.36</Amt></TxDtls></NtryDtls></Ntry><Ntry><NtryRef>REF000025354815</NtryRef><Amt Ccy="EUR">15</Amt><CdtDbtInd>DBIT</CdtDbtInd><AcctSvcrRef>REF000025362595</AcctSvcrRef><BkTxCd><Prtry><Cd>ATSISK</Cd></Prtry></BkTxCd><NtryDtls><Btch><NbOfTxs>1</NbOfTxs></Btch><TxDtls><Amt Ccy="EUR">15</Amt></TxDtls></NtryDtls></Ntry><Ntry><NtryRef>REF000025379900</NtryRef><Amt Ccy="EUR">7903</Amt><CdtDbtInd>DBIT</CdtDbtInd><AcctSvcrRef>REF000025389124</AcctSvcrRef><BkTxCd><Prtry><Cd>ATSISK</Cd></Prtry></BkTxCd><NtryDtls><Btch><NbOfTxs>2</NbOfTxs></Btch><TxDtls><Amt Ccy="EUR">7903</Amt></TxDtls></NtryDtls></Ntry><Ntry><NtryRef>REF000025393697</NtryRef><Amt Ccy="EUR">13247.92</Amt><CdtDbtInd>CRDT</CdtDbtInd><AcctSvcrRef>REF000025402611</AcctSvcrRef><BkTxCd><Prtry><Cd>ATSISK</Cd></Prtry></BkTxCd><NtryDtls><Btch><NbOfTxs>1</NbOfTxs></Btch><TxDtls><Amt Ccy="EUR">13247.92</Amt></TxDtls></NtryDtls></Ntry><Ntry><NtryRef>REF000025411655</NtryRef><Amt Ccy="EUR">50</Amt><CdtDbtInd>CRDT</CdtDbtInd><AcctSvcrRef>REF000025425284</AcctSvcrRef><BkTxCd><Prtry><Cd>ATSISK</Cd></Prtry></BkTxCd><NtryDtls><Btch><NbOfTxs>1</NbOfTxs></Btch><TxDtls><Amt Ccy="EUR">50</Amt></TxDtls></NtryDtls></Ntry><Ntry><NtryRef>REF000025431655</NtryRef><Amt Ccy="EUR">200</Amt><CdtDbtInd>DBIT</CdtDbtInd><AcctSvcrRef>REF000025445284</AcctSvcrRef><BkTxCd><Prtry><Cd>ATSISK</Cd></Prtry></BkTxCd><NtryDtls><Btch><NbOfTxs>1</NbOfTxs></Btch><TxDtls><Amt Ccy="EUR">200</Amt></TxDtls></NtryDtls></Ntry><Ntry><NtryRef>REF000025457078</NtryRef><Amt Ccy="EUR">6293.72</Amt><CdtDbtInd>CRDT</CdtDbtInd><AcctSvcrRef>REF000025462822</AcctSvcrRef><BkTxCd><Prtry><Cd>ATSISK</Cd></Prtry></BkTxCd><NtryDtls><Btch><NbOfTxs>1</NbOfTxs></Btch><TxDtls><Amt Ccy="EUR">6293.72</Amt></TxDtls></NtryDtls></Ntry></Stmt></BkToCstmrStmt></Document>
