<?xml version='1.0' encoding='utf-8'?>
<Document xmlns="urn:iso:std:iso:20022:tech:xsd:camt.053.001.08"><BkToCstmrStmt><GrpHdr><MsgId>MSG85943600-MFLMRM</MsgId><CreDtTm>2024-05-30T19:47:17.395+03:00</CreDtTm><MsgPgntn><PgNb>2</PgNb><LastPgInd>true</LastPgInd></MsgPgntn><OrgnlBizQry><MsgId>MSG52410376-VFDHKS</MsgId></OrgnlBizQry></GrpHdr><Stmt><Id>MSG85556162-MGNOHI</Id><Acct><Id><Othr><Id>LT625883379695428516</Id></Othr></Id><Tp><Prtry>ATSISK</Prtry></Tp><Ccy>EUR</Ccy><Ownr><Id><OrgId><AnyBIC>DEUTBEB4NDX</AnyBIC></OrgId></Id></Ownr></Acct><Bal><Tp><CdOrPrtry><Cd>OPBD</Cd></CdOrPrtry></Tp><Amt Ccy="EUR">20052143.83</Amt><Dt><Dt>2024-05-30</Dt></Dt><Avlbty><Amt Ccy="EUR">20051143.83</Amt></Avlbty></Bal><Bal><Tp><CdOrPrtry><Cd>CLBD</Cd></CdOrPrtry></Tp><Amt Ccy="EUR">18261847.39</Amt><Dt><Dt>2024-05-30</Dt></Dt><Avlbty><Amt Ccy="EUR">18260847.39</Amt></Avlbty></Bal><Ntry><NtryRef>REF000009591092</NtryRef><Amt Ccy="EUR">779367.33</Amt><CdtDbtInd>CRDT</CdtDbtInd><AcctSvcrRef>REF000009605239</AcctSvcrRef><BkTxCd><Prtry><Cd>ATSISK</Cd></Prtry></BkTxCd><NtryDtls><Btch><NbOfTxs>191</NbOfTxs></Btch><TxDtls><Amt Ccy="EUR">779367.33</Amt></TxDtls></NtryDtls></Ntry><Ntry><NtryRef>REF000009618025</NtryRef><Amt Ccy="EUR">0.8</Amt><CdtDbtInd>DBIT</CdtDbtInd><AcctSvcrRef>REF000009623704</AcctSvcrRef><BkTxCd><Prtry><Cd>ATSISK</Cd></Prtry></BkTxCd><NtryDtls><Btch><NbOfTxs>1</NbOfTxs></Btch><TxDtls><Amt Ccy="EUR">0.8</Amt></TxDtls></NtryDtls></Ntry><Ntry><NtryRef>REF000009631734</NtryRef><Amt Ccy="EUR">369927.97</Amt><CdtDbtInd>DBIT</CdtDbtInd><AcctSvcrRef>REF000009649955</AcctSvcrRef><BkTxCd><Prtry><Cd>KLIRNG</Cd></Prtry></BkTxCd><NtryDtls><Btch><NbOfTxs>7</NbOfTxs></Btch><TxDtls><Amt Ccy="EUR">369927.97</Amt></TxDtls></NtryDtls></Ntry><Ntry><NtryRef>REF000009655235</NtryRef><Amt Ccy="EUR">2174535</Amt><CdtDbtInd>DBIT</CdtDbtInd><AcctSvcrRef>REF000009668309</AcctSvcrRef><BkTxCd><Prtry><Cd>ATSISK</Cd></Prtry></BkTxCd><NtryDtls><Btch><NbOfTxs>3</NbOfTxs></Btch><TxDtls><Amt Ccy="EUR">2174535</Amt></TxDtls></NtryDtls></Ntry><Ntry><NtryRef>REF000009674704</NtryRef><Amt Ccy="EUR">24700</Amt><CdtDbtInd>DBIT</CdtDbtInd><AcctSvcrRef>REF000009684477</AcctSvcrRef><BkTxCd><Prtry><Cd>ATSISK</Cd></Prtry></BkTxCd><NtryDtls><Btch><NbOfTxs>2</NbOfTxs></Btch><TxDtls><Amt Ccy="EUR">24700</Amt></TxDtls></NtryDtls></Ntry><Ntry><NtryRef>REF000009691655</NtryRef><Amt Ccy="EUR">500</Amt><CdtDbtInd>DBIT</CdtDbtInd><AcctSvcrRef>REF000009705284</AcctSvcrRef><BkTxCd><Prtry><Cd>ATSISK</Cd></Prtry></BkTxCd><NtryDtls><Btch><NbOfTxs>1</NbOfTxs></Btch><TxDtls><Amt Ccy="EUR">500</Amt></TxDtls></NtryDtls></Ntry></Stmt><Stmt><Id>MSG28955473-GSUTDX</Id><Acct><Id><Othr><Id>LT414319056143772570</Id></Othr></Id><Tp><Prtry>ATSSK2</Prtry></Tp><Ccy>EUR</Ccy><Ownr><Id><OrgId><AnyBIC>DEUTBEB4NDX</AnyBIC></OrgId></Id></Ownr></Acct><Bal><Tp><CdOrPrtry><Cd>OPBD</Cd></CdOrPrtry></Tp><Amt Ccy="EUR">801.55</Amt><Dt><Dt>2024-05-30</Dt></Dt><Avlbty><Amt Ccy="EUR">801.55</Amt></Avlbty></Bal><Bal><Tp><CdOrPrtry><Cd>CLBD</Cd></CdOrPrtry></Tp><Amt Ccy="EUR">801.55</Amt><Dt><Dt>2024-05-30</Dt></Dt><Avlbty><Amt Ccy="EUR">801.55</Amt></Avlbty></Bal></Stmt></BkToCstmrStmt></Document>
