<?xml version='1.0' encoding='utf-8'?>
<Document xmlns="urn:iso:std:iso:20022:tech:xsd:camt.053.001.08"><BkToCstmrStmt><GrpHdr><MsgId>MSG85943600-MFLMRM</MsgId><CreDtTm>2024-07-01T19:48:21.916+03:00</CreDtTm><MsgPgntn><PgNb>2</PgNb><LastPgInd>true</LastPgInd></MsgPgntn><OrgnlBizQry><MsgId>MSG87192985-KWGAZQ</MsgId></OrgnlBizQry></GrpHdr><Stmt><Id>MSG35276825-FDRVBQ</Id><Acct><Id><Othr><Id>LT414319056143772570</Id></Othr></Id><Tp><Prtry>ATSSK2</Prtry></Tp><Ccy>EUR</Ccy><Ownr><Id><OrgId><AnyBIC>DEUTBEB4NDX</AnyBIC></OrgId></Id></Ownr></Acct><Bal><Tp><CdOrPrtry><Cd>OPBD</Cd></CdOrPrtry></Tp><Amt Ccy="EUR">801.55</Amt><Dt><Dt>2024-07-01</Dt></Dt><Avlbty><Amt Ccy="EUR">801.55</Amt></Avlbty></Bal><Bal><Tp><CdOrPrtry><Cd>CLBD</Cd></CdOrPrtry></Tp><Amt Ccy="EUR">801.55</Amt><Dt><Dt>2024-07-01</Dt></Dt><Avlbty><Amt Ccy="EUR">801.55</Amt></Avlbty></Bal></Stmt><Stmt><Id>MSG76844984-GWVFWT</Id><Acct><Id><Othr><Id>LT625883379695428516</Id></Othr></Id><Tp><Prtry>ATSISK</Prtry></Tp><Ccy>EUR</Ccy><Ownr><Id><OrgId><AnyBIC>DEUTBEB4NDX</AnyBIC></OrgId></Id></Ownr></Acct><Bal><Tp><CdOrPrtry><Cd>OPBD</Cd></CdOrPrtry></Tp><Amt Ccy="EUR">17728520.95</Amt><Dt><Dt>2024-07-01</Dt></Dt><Avlbty><Amt Ccy="EUR">17727520.95</Amt></Avlbty></Bal><Bal><Tp><CdOrPrtry><Cd>CLBD</Cd></CdOrPrtry></Tp><Amt Ccy="EUR">16402806.62</Amt><Dt><Dt>2024-07-01</Dt></Dt><Avlbty><Amt Ccy="EUR">16401806.62</Amt></Avlbty></Bal><Ntry><NtryRef>REF000013091092</NtryRef><Amt Ccy="EUR">1499383.61</Amt><CdtDbtInd>CRDT</CdtDbtInd><AcctSvcrRef>REF000013105239</AcctSvcrRef><BkTxCd><Prtry><Cd>ATSISK</Cd></Prtry></BkTxCd><NtryDtls><Btch><NbOfTxs>279</NbOfTxs></Btch><TxDtls><Amt Ccy="EUR">1499383.61</Amt></TxDtls></NtryDtls></Ntry><Ntry><NtryRef>REF000013111734</NtryRef><Amt Ccy="EUR">380616.74</Amt><CdtDbtInd>DBIT</CdtDbtInd><AcctSvcrRef>REF000013129955</AcctSvcrRef><BkTxCd><Prtry><Cd>KLIRNG</Cd></Prtry></BkTxCd><NtryDtls><Btch><NbOfTxs>7</NbOfTxs></Btch><TxDtls><Amt Ccy="EUR">380616.74</Amt></TxDtls></NtryDtls></Ntry><Ntry><NtryRef>REF000013135235</NtryRef><Amt Ccy="EUR">49807</Amt><CdtDbtInd>DBIT</CdtDbtInd><AcctSvcrRef>REF000013148309</AcctSvcrRef><BkTxCd><Prtry><Cd>ATSISK</Cd></Prtry></BkTxCd><NtryDtls><Btch><NbOfTxs>2</NbOfTxs></Btch><TxDtls><Amt Ccy="EUR">49807</Amt></TxDtls></NtryDtls></Ntry><Ntry><NtryRef>REF000013159900</NtryRef><Amt Ccy="EUR">38652</Amt><CdtDbtInd>DBIT</CdtDbtInd><AcctSvcrRef>REF000013169124</AcctSvcrRef><BkTxCd><Prtry><Cd>ATSISK</Cd></Prtry></BkTxCd><NtryDtls><Btch><NbOfTxs>3</NbOfTxs></Btch><TxDtls><Amt Ccy="EUR">38652</Amt></TxDtls></NtryDtls></Ntry><Ntry><NtryRef>REF000013176002</NtryRef><Amt Ccy="EUR">2350000</Amt><CdtDbtInd>DBIT</CdtDbtInd><AcctSvcrRef>REF000013189457</AcctSvcrRef><BkTxCd><Prtry><Cd>ATSISK</Cd></Prtry></BkTxCd><NtryDtls><Btch><NbOfTxs>3</NbOfTxs></Btch><TxDtls><Amt Ccy="EUR">2350000</Amt></TxDtls></NtryDtls></Ntry><Ntry><NtryRef>REF000013194704</NtryRef><Amt Ccy="EUR">4987</Amt><CdtDbtInd>DBIT</CdtDbtInd><AcctSvcrRef>REF000013204477</AcctSvcrRef><BkTxCd><Prtry><Cd>ATSISK</Cd></Prtry></BkTxCd><NtryDtls><Btch><NbOfTxs>1</NbOfTxs></Btch><TxDtls><Amt Ccy="EUR">4987</Amt></TxDtls></NtryDtls></Ntry><Ntry><NtryRef>REF000013211655</NtryRef><Amt Ccy="EUR">1035.2</Amt><CdtDbtInd>DBIT</CdtDbtInd><AcctSvcrRef>REF000013225284</AcctSvcrRef><BkTxCd><Prtry><Cd>ATSISK</Cd></Prtry></BkTxCd><NtryDtls><Btch><NbOfTxs>3</NbOfTxs></Btch><TxDtls><Amt Ccy="EUR">1035.2</Amt></TxDtls></NtryDtls></Ntry></Stmt></BkToCstmrStmt></Document>
