<?xml version='1.0' encoding='utf-8'?>
<Document xmlns="urn:iso:std:iso:20022:tech:xsd:camt.053.001.08"><BkToCstmrStmt><GrpHdr><MsgId>MSG85943600-MFLMRM</MsgId><CreDtTm>2024-08-28T19:47:08.758+03:00</CreDtTm><MsgPgntn><PgNb>2</PgNb><LastPgInd>true</LastPgInd></MsgPgntn><OrgnlBizQry><MsgId>MSG81886370-TFHIGG</MsgId></OrgnlBizQry></GrpHdr><Stmt><Id>MSG14428480-JFVHLV</Id><Acct><Id><Othr><Id>LT414319056143772570</Id></Othr></Id><Tp><Prtry>ATSSK2</Prtry></Tp><Ccy>EUR</Ccy><Ownr><Id><OrgId><AnyBIC>DEUTBEB4NDX</AnyBIC></OrgId></Id></Ownr></Acct><Bal><Tp><CdOrPrtry><Cd>OPBD</Cd></CdOrPrtry></Tp><Amt Ccy="EUR">0</Amt><Dt><Dt>2024-08-28</Dt></Dt><Avlbty><Amt Ccy="EUR">0</Amt></Avlbty></Bal><Bal><Tp><CdOrPrtry><Cd>CLBD</Cd></CdOrPrtry></Tp><Amt Ccy="EUR">0</Amt><Dt><Dt>2024-08-28</Dt></Dt><Avlbty><Amt Ccy="EUR">0</Amt></Avlbty></Bal></Stmt><Stmt><Id>MSG66664872-MTHFEU</Id><Acct><Id><Othr><Id>LT625883379695428516</Id></Othr></Id><Tp><Prtry>ATSISK</Prtry></Tp><Ccy>EUR</Ccy><Ownr><Id><OrgId><AnyBIC>DEUTBEB4NDX</AnyBIC></OrgId></Id></Ownr></Acct><Bal><Tp><CdOrPrtry><Cd>OPBD</Cd></CdOrPrtry></Tp><Amt Ccy="EUR">13979019.64</Amt><Dt><Dt>2024-08-28</Dt></Dt><Avlbty><Amt Ccy="EUR">13978019.64</Amt></Avlbty></Bal><Bal><Tp><CdOrPrtry><Cd>CLBD</Cd></CdOrPrtry></Tp><Amt Ccy="EUR">14853172.53</Amt><Dt><Dt>2024-08-28</Dt></Dt><Avlbty><Amt Ccy="EUR">14852172.53</Amt></Avlbty></Bal><Ntry><NtryRef>REF000019631558</NtryRef><Amt Ccy="EUR">4102</Amt><CdtDbtInd>DBIT</CdtDbtInd><AcctSvcrRef>REF000019643800</AcctSvcrRef><BkTxCd><Prtry><Cd>ATSISK</Cd></Prtry></BkTxCd><NtryDtls><Btch><NbOfTxs>2</NbOfTxs></Btch><TxDtls><Amt Ccy="EUR">4102</Amt></TxDtls></NtryDtls></Ntry><Ntry><NtryRef>REF000019651092</NtryRef><Amt Ccy="EUR">1238415.76</Amt><CdtDbtInd>CRDT</CdtDbtInd><AcctSvcrRef>REF000019665239</AcctSvcrRef><BkTxCd><Prtry><Cd>ATSISK</Cd></Prtry></BkTxCd><NtryDtls><Btch><NbOfTxs>226</NbOfTxs></Btch><TxDtls><Amt Ccy="EUR">1238415.76</Amt></TxDtls></NtryDtls></Ntry><Ntry><NtryRef>REF000019678851</NtryRef><Amt Ccy="EUR">300</Amt><CdtDbtInd>CRDT</CdtDbtInd><AcctSvcrRef>REF000019681558</AcctSvcrRef><BkTxCd><Prtry><Cd>ATSISK</Cd></Prtry></BkTxCd><NtryDtls><Btch><NbOfTxs>1</NbOfTxs></Btch><TxDtls><Amt Ccy="EUR">300</Amt></TxDtls></NtryDtls></Ntry><Ntry><NtryRef>REF000019691734</NtryRef><Amt Ccy="EUR">409861.27</Amt><CdtDbtInd>DBIT</CdtDbtInd><AcctSvcrRef>REF000019709955</AcctSvcrRef><BkTxCd><Prtry><Cd>KLIRNG</Cd></Prtry></BkTxCd><NtryDtls><Btch><NbOfTxs>6</NbOfTxs></Btch><TxDtls><Amt Ccy="EUR">409861.27</Amt></TxDtls></NtryDtls></Ntry><Ntry><NtryRef>REF000019715235</NtryRef><Amt Ccy="EUR">51789</Amt><CdtDbtInd>DBIT</CdtDbtInd><AcctSvcrRef>REF000019728309</AcctSvcrRef><BkTxCd><Prtry><Cd>ATSISK</Cd></Prtry></BkTxCd><NtryDtls><Btch><NbOfTxs>5</NbOfTxs></Btch><TxDtls><Amt Ccy="EUR">51789</Amt></TxDtls></NtryDtls></Ntry><Ntry><NtryRef>REF000019731994</NtryRef><Amt Ccy="EUR">25000</Amt><CdtDbtInd>CRDT</CdtDbtInd><AcctSvcrRef>REF000019748042</AcctSvcrRef><BkTxCd><Prtry><Cd>ATSISK</Cd></Prtry></BkTxCd><NtryDtls><Btch><NbOfTxs>1</NbOfTxs></Btch><TxDtls><Amt Ccy="EUR">25000</Amt></TxDtls></NtryDtls></Ntry><Ntry><NtryRef>REF000019759900</NtryRef><Amt Ccy="EUR">38675</Amt><CdtDbtInd>DBIT</CdtDbtInd><AcctSvcrRef>REF000019769124</AcctSvcrRef><BkTxCd><Prtry><Cd>ATSISK</Cd></Prtry></BkTxCd><NtryDtls><Btch><NbOfTxs>1</NbOfTxs></Btch><TxDtls><Amt Ccy="EUR">38675</Amt></TxDtls></NtryDtls></Ntry><Ntry><NtryRef>REF000019774704</NtryRef><Amt Ccy="EUR">8333</Amt><CdtDbtInd>DBIT</CdtDbtInd><AcctSvcrRef>REF000019784477</AcctSvcrRef><BkTxCd><Prtry><Cd>ATSISK</Cd></Prtry></BkTxCd><NtryDtls><Btch><NbOfTxs>2</NbOfTxs></Btch><TxDtls><Amt Ccy="EUR">8333</Amt></TxDtls></NtryDtls></Ntry><Ntry><NtryRef>REF000019797243</NtryRef><Amt Ccy="EUR">123197.4</Amt><CdtDbtInd>CRDT</CdtDbtInd><AcctSvcrRef>REF000019806477</AcctSvcrRef><BkTxCd><Prtry><Cd>ATSISK</Cd></Prtry></BkTxCd><NtryDtls><Btch><NbOfTxs>1</NbOfTxs></Btch><TxDtls><Amt Ccy="EUR">123197.4</Amt></TxDtls></NtryDtls></Ntry></Stmt></BkToCstmrStmt></Document>
