<?xml version='1.0' encoding='utf-8'?>
<Document xmlns="urn:iso:std:iso:20022:tech:xsd:camt.053.001.08"><BkToCstmrStmt><GrpHdr><MsgId>MSG85943600-MFLMRM</MsgId><CreDtTm>2024-03-26T19:48:27.869+02:00</CreDtTm><MsgPgntn><PgNb>2</PgNb><LastPgInd>true</LastPgInd></MsgPgntn><OrgnlBizQry><MsgId>MSG81912301-KNLCFK</MsgId></OrgnlBizQry></GrpHdr><Stmt><Id>MSG78375912-PMKDEH</Id><Acct><Id><Othr><Id>LT625883379695428516</Id></Othr></Id><Tp><Prtry>ATSISK</Prtry></Tp><Ccy>EUR</Ccy><Ownr><Id><OrgId><AnyBIC>DEUTBEB4NDX</AnyBIC></OrgId></Id></Ownr></Acct><Bal><Tp><CdOrPrtry><Cd>OPBD</Cd></CdOrPrtry></Tp><Amt Ccy="EUR">18360574.52</Amt><Dt><Dt>2024-03-26</Dt></Dt><Avlbty><Amt Ccy="EUR">18359574.52</Amt></Avlbty></Bal><Bal><Tp><CdOrPrtry><Cd>CLBD</Cd></CdOrPrtry></Tp><Amt Ccy="EUR">18533857.17</Amt><Dt><Dt>2024-03-26</Dt></Dt><Avlbty><Amt Ccy="EUR">18532857.17</Amt></Avlbty></Bal><Ntry><NtryRef>REF000002079665</NtryRef><Amt Ccy="EUR">2000</Amt><CdtDbtInd>DBIT</CdtDbtInd><AcctSvcrRef>REF000002086020</AcctSvcrRef><BkTxCd><Prtry><Cd>ATSISK</Cd></Prtry></BkTxCd><NtryDtls><Btch><NbOfTxs>1</NbOfTxs></Btch><TxDtls><Amt Ccy="EUR">2000</Amt></TxDtls></NtryDtls></Ntry><Ntry><NtryRef>REF000002091092</NtryRef><Amt Ccy="EUR">549279.22</Amt><CdtDbtInd>CRDT</CdtDbtInd><AcctSvcrRef>REF000002105239</AcctSvcrRef><BkTxCd><Prtry><Cd>ATSISK</Cd></Prtry></BkTxCd><NtryDtls><Btch><NbOfTxs>153</NbOfTxs></Btch><TxDtls><Amt Ccy="EUR">549279.22</Amt></TxDtls></NtryDtls></Ntry><Ntry><NtryRef>REF000002111734</NtryRef><Amt Ccy="EUR">374377.18</Amt><CdtDbtInd>DBIT</CdtDbtInd><AcctSvcrRef>REF000002129955</AcctSvcrRef><BkTxCd><Prtry><Cd>KLIRNG</Cd></Prtry></BkTxCd><NtryDtls><Btch><NbOfTxs>3</NbOfTxs></Btch><TxDtls><Amt Ccy="EUR">374377.18</Amt></TxDtls></NtryDtls></Ntry><Ntry><NtryRef>REF000002134704</NtryRef><Amt Ccy="EUR">380.61</Amt><CdtDbtInd>CRDT</CdtDbtInd><AcctSvcrRef>REF000002144477</AcctSvcrRef><BkTxCd><Prtry><Cd>ATSISK</Cd></Prtry></BkTxCd><NtryDtls><Btch><NbOfTxs>1</NbOfTxs></Btch><TxDtls><Amt Ccy="EUR">380.61</Amt></TxDtls></NtryDtls></Ntry></Stmt><Stmt><Id>MSG81722196-KQWMLC</Id><Acct><Id><Othr><Id>LT414319056143772570</Id></Othr></Id><Tp><Prtry>ATSSK2</Prtry></Tp><Ccy>EUR</Ccy><Ownr><Id><OrgId><AnyBIC>DEUTBEB4NDX</AnyBIC></OrgId></Id></Ownr></Acct><Bal><Tp><CdOrPrtry><Cd>OPBD</Cd></CdOrPrtry></Tp><Amt Ccy="EUR">2801.55</Amt><Dt><Dt>2024-03-26</Dt></Dt><Avlbty><Amt Ccy="EUR">2801.55</Amt></Avlbty></Bal><Bal><Tp><CdOrPrtry><Cd>CLBD</Cd></CdOrPrtry></Tp><Amt Ccy="EUR">2801.55</Amt><Dt><Dt>2024-03-26</Dt></Dt><Avlbty><Amt Ccy="EUR">2801.55</Amt></Avlbty></Bal></Stmt></BkToCstmrStmt></Document>
