<?xml version='1.0' encoding='utf-8'?>
<Document xmlns="urn:iso:std:iso:20022:tech:xsd:camt.053.001.08"><BkToCstmrStmt><GrpHdr><MsgId>MSG85943600-MFLMRM</MsgId><CreDtTm>2024-08-08T19:45:31.120+03:00</CreDtTm><MsgPgntn><PgNb>2</PgNb><LastPgInd>true</LastPgInd></MsgPgntn><OrgnlBizQry><MsgId>MSG21944348-CWDTHK</MsgId></OrgnlBizQry></GrpHdr><Stmt><Id>MSG26754151-HSDPIQ</Id><Acct><Id><Othr><Id>LT414319056143772570</Id></Othr></Id><Tp><Prtry>ATSSK2</Prtry></Tp><Ccy>EUR</Ccy><Ownr><Id><OrgId><AnyBIC>DEUTBEB4NDX</AnyBIC></OrgId></Id></Ownr></Acct><Bal><Tp><CdOrPrtry><Cd>OPBD</Cd></CdOrPrtry></Tp><Amt Ccy="EUR">801.55</Amt><Dt><Dt>2024-08-08</Dt></Dt><Avlbty><Amt Ccy="EUR">801.55</Amt></Avlbty></Bal><Bal><Tp><CdOrPrtry><Cd>CLBD</Cd></CdOrPrtry></Tp><Amt Ccy="EUR">801.55</Amt><Dt><Dt>2024-08-08</Dt></Dt><Avlbty><Amt Ccy="EUR">801.55</Amt></Avlbty></Bal></Stmt><Stmt><Id>MSG14113432-RJCBWE</Id><Acct><Id><Othr><Id>LT625883379695428516</Id></Othr></Id><Tp><Prtry>ATSISK</Prtry></Tp><Ccy>EUR</Ccy><Ownr><Id><OrgId><AnyBIC>DEUTBEB4NDX</AnyBIC></OrgId></Id></Ownr></Acct><Bal><Tp><CdOrPrtry><Cd>OPBD</Cd></CdOrPrtry></Tp><Amt Ccy="EUR">17142227.28</Amt><Dt><Dt>2024-08-08</Dt></Dt><Avlbty><Amt Ccy="EUR">17141227.28</Amt></Avlbty></Bal><Bal><Tp><CdOrPrtry><Cd>CLBD</Cd></CdOrPrtry></Tp><Amt Ccy="EUR">17628326.03</Amt><Dt><Dt>2024-08-08</Dt></Dt><Avlbty><Amt Ccy="EUR">17627326.03</Amt></Avlbty></Bal><Ntry><NtryRef>REF000017517264</NtryRef><Amt Ccy="EUR">3500</Amt><CdtDbtInd>DBIT</CdtDbtInd><AcctSvcrRef>REF000017526646</AcctSvcrRef><BkTxCd><Prtry><Cd>ATSISK</Cd></Prtry></BkTxCd><NtryDtls><Btch><NbOfTxs>1</NbOfTxs></Btch><TxDtls><Amt Ccy="EUR">3500</Amt></TxDtls></NtryDtls></Ntry><Ntry><NtryRef>REF000017531092</NtryRef><Amt Ccy="EUR">1220804.36</Amt><CdtDbtInd>CRDT</CdtDbtInd><AcctSvcrRef>REF000017545239</AcctSvcrRef><BkTxCd><Prtry><Cd>ATSISK</Cd></Prtry></BkTxCd><NtryDtls><Btch><NbOfTxs>222</NbOfTxs></Btch><TxDtls><Amt Ccy="EUR">1220804.36</Amt></TxDtls></NtryDtls></Ntry><Ntry><NtryRef>REF000017551734</NtryRef><Amt Ccy="EUR">588003.43</Amt><CdtDbtInd>DBIT</CdtDbtInd><AcctSvcrRef>REF000017569955</AcctSvcrRef><BkTxCd><Prtry><Cd>KLIRNG</Cd></Prtry></BkTxCd><NtryDtls><Btch><NbOfTxs>5</NbOfTxs></Btch><TxDtls><Amt Ccy="EUR">588003.43</Amt></TxDtls></NtryDtls></Ntry><Ntry><NtryRef>REF000017575235</NtryRef><Amt Ccy="EUR">9900</Amt><CdtDbtInd>DBIT</CdtDbtInd><AcctSvcrRef>REF000017588309</AcctSvcrRef><BkTxCd><Prtry><Cd>ATSISK</Cd></Prtry></BkTxCd><NtryDtls><Btch><NbOfTxs>1</NbOfTxs></Btch><TxDtls><Amt Ccy="EUR">9900</Amt></TxDtls></NtryDtls></Ntry><Ntry><NtryRef>REF000017599820</NtryRef><Amt Ccy="EUR">128404.46</Amt><CdtDbtInd>DBIT</CdtDbtInd><AcctSvcrRef>REF000017609001</AcctSvcrRef><BkTxCd><Prtry><Cd>ATSISK</Cd></Prtry></BkTxCd><NtryDtls><Btch><NbOfTxs>2</NbOfTxs></Btch><TxDtls><Amt Ccy="EUR">128404.46</Amt></TxDtls></NtryDtls></Ntry><Ntry><NtryRef>REF000017614815</NtryRef><Amt Ccy="EUR">58.72</Amt><CdtDbtInd>DBIT</CdtDbtInd><AcctSvcrRef>REF000017622595</AcctSvcrRef><BkTxCd><Prtry><Cd>ATSISK</Cd></Prtry></BkTxCd><NtryDtls><Btch><NbOfTxs>1</NbOfTxs></Btch><TxDtls><Amt Ccy="EUR">58.72</Amt></TxDtls></NtryDtls></Ntry><Ntry><NtryRef>REF000017631655</NtryRef><Amt Ccy="EUR">4839</Amt><CdtDbtInd>DBIT</CdtDbtInd><AcctSvcrRef>REF000017645284</AcctSvcrRef><BkTxCd><Prtry><Cd>ATSISK</Cd></Prtry></BkTxCd><NtryDtls><Btch><NbOfTxs>2</NbOfTxs></Btch><TxDtls><Amt Ccy="EUR">4839</Amt></TxDtls></NtryDtls></Ntry></Stmt></BkToCstmrStmt></Document>
