<?xml version='1.0' encoding='utf-8'?>
<Document xmlns="urn:iso:std:iso:20022:tech:xsd:camt.053.001.08"><BkToCstmrStmt><GrpHdr><MsgId>MSG85943600-MFLMRM</MsgId><CreDtTm>2024-07-17T19:47:16.985+03:00</CreDtTm><MsgPgntn><PgNb>2</PgNb><LastPgInd>true</LastPgInd></MsgPgntn><OrgnlBizQry><MsgId>MSG13881828-RNDKYE</MsgId></OrgnlBizQry></GrpHdr><Stmt><Id>MSG88764660-OBPFUR</Id><Acct><Id><Othr><Id>LT414319056143772570</Id></Othr></Id><Tp><Prtry>ATSSK2</Prtry></Tp><Ccy>EUR</Ccy><Ownr><Id><OrgId><AnyBIC>DEUTBEB4NDX</AnyBIC></OrgId></Id></Ownr></Acct><Bal><Tp><CdOrPrtry><Cd>OPBD</Cd></CdOrPrtry></Tp><Amt Ccy="EUR">801.55</Amt><Dt><Dt>2024-07-17</Dt></Dt><Avlbty><Amt Ccy="EUR">801.55</Amt></Avlbty></Bal><Bal><Tp><CdOrPrtry><Cd>CLBD</Cd></CdOrPrtry></Tp><Amt Ccy="EUR">801.55</Amt><Dt><Dt>2024-07-17</Dt></Dt><Avlbty><Amt Ccy="EUR">801.55</Amt></Avlbty></Bal></Stmt><Stmt><Id>MSG43776821-JEYKNZ</Id><Acct><Id><Othr><Id>LT625883379695428516</Id></Othr></Id><Tp><Prtry>ATSISK</Prtry></Tp><Ccy>EUR</Ccy><Ownr><Id><OrgId><AnyBIC>DEUTBEB4NDX</AnyBIC></OrgId></Id></Ownr></Acct><Bal><Tp><CdOrPrtry><Cd>OPBD</Cd></CdOrPrtry></Tp><Amt Ccy="EUR">15746132.9</Amt><Dt><Dt>2024-07-17</Dt></Dt><Avlbty><Amt Ccy="EUR">15745132.9</Amt></Avlbty></Bal><Bal><Tp><CdOrPrtry><Cd>CLBD</Cd></CdOrPrtry></Tp><Amt Ccy="EUR">15805868.1</Amt><Dt><Dt>2024-07-17</Dt></Dt><Avlbty><Amt Ccy="EUR">15804868.1</Amt></Avlbty></Bal><Ntry><NtryRef>REF000015018267</NtryRef><Amt Ccy="EUR">1803.29</Amt><CdtDbtInd>CRDT</CdtDbtInd><AcctSvcrRef>REF000015024440</AcctSvcrRef><BkTxCd><Prtry><Cd>ATSISK</Cd></Prtry></BkTxCd><NtryDtls><Btch><NbOfTxs>1</NbOfTxs></Btch><TxDtls><Amt Ccy="EUR">1803.29</Amt></TxDtls></NtryDtls></Ntry><Ntry><NtryRef>REF000015039665</NtryRef><Amt Ccy="EUR">2553</Amt><CdtDbtInd>DBIT</CdtDbtInd><AcctSvcrRef>REF000015046020</AcctSvcrRef><BkTxCd><Prtry><Cd>ATSISK</Cd></Prtry></BkTxCd><NtryDtls><Btch><NbOfTxs>1</NbOfTxs></Btch><TxDtls><Amt Ccy="EUR">2553</Amt></TxDtls></NtryDtls></Ntry><Ntry><NtryRef>REF000015051092</NtryRef><Amt Ccy="EUR">1123434.33</Amt><CdtDbtInd>CRDT</CdtDbtInd><AcctSvcrRef>REF000015065239</AcctSvcrRef><BkTxCd><Prtry><Cd>ATSISK</Cd></Prtry></BkTxCd><NtryDtls><Btch><NbOfTxs>442</NbOfTxs></Btch><TxDtls><Amt Ccy="EUR">1123434.33</Amt></TxDtls></NtryDtls></Ntry><Ntry><NtryRef>REF000015071331</NtryRef><Amt Ccy="EUR">736</Amt><CdtDbtInd>DBIT</CdtDbtInd><AcctSvcrRef>REF000015081748</AcctSvcrRef><BkTxCd><Prtry><Cd>ATSISK</Cd></Prtry></BkTxCd><NtryDtls><Btch><NbOfTxs>1</NbOfTxs></Btch><TxDtls><Amt Ccy="EUR">736</Amt></TxDtls></NtryDtls></Ntry><Ntry><NtryRef>REF000015091734</NtryRef><Amt Ccy="EUR">75674.16</Amt><CdtDbtInd>DBIT</CdtDbtInd><AcctSvcrRef>REF000015109955</AcctSvcrRef><BkTxCd><Prtry><Cd>KLIRNG</Cd></Prtry></BkTxCd><NtryDtls><Btch><NbOfTxs>7</NbOfTxs></Btch><TxDtls><Amt Ccy="EUR">75674.16</Amt></TxDtls></NtryDtls></Ntry><Ntry><NtryRef>REF000015115235</NtryRef><Amt Ccy="EUR">2181</Amt><CdtDbtInd>DBIT</CdtDbtInd><AcctSvcrRef>REF000015128309</AcctSvcrRef><BkTxCd><Prtry><Cd>ATSISK</Cd></Prtry></BkTxCd><NtryDtls><Btch><NbOfTxs>1</NbOfTxs></Btch><TxDtls><Amt Ccy="EUR">2181</Amt></TxDtls></NtryDtls></Ntry><Ntry><NtryRef>REF000015139900</NtryRef><Amt Ccy="EUR">893685.92</Amt><CdtDbtInd>DBIT</CdtDbtInd><AcctSvcrRef>REF000015149124</AcctSvcrRef><BkTxCd><Prtry><Cd>ATSISK</Cd></Prtry></BkTxCd><NtryDtls><Btch><NbOfTxs>3</NbOfTxs></Btch><TxDtls><Amt Ccy="EUR">893685.92</Amt></TxDtls></NtryDtls></Ntry><Ntry><NtryRef>REF000015152615</NtryRef><Amt Ccy="EUR">88575.34</Amt><CdtDbtInd>DBIT</CdtDbtInd><AcctSvcrRef>REF000015167676</AcctSvcrRef><BkTxCd><Prtry><Cd>ATSISK</Cd></Prtry></BkTxCd><NtryDtls><Btch><NbOfTxs>1</NbOfTxs></Btch><TxDtls><Amt Ccy="EUR">88575.34</Amt></TxDtls></NtryDtls></Ntry><Ntry><NtryRef>REF000015171655</NtryRef><Amt Ccy="EUR">5</Amt><CdtDbtInd>DBIT</CdtDbtInd><AcctSvcrRef>REF000015185284</AcctSvcrRef><BkTxCd><Prtry><Cd>ATSISK</Cd></Prtry></BkTxCd><NtryDtls><Btch><NbOfTxs>1</NbOfTxs></Btch><TxDtls><Amt Ccy="EUR">5</Amt></TxDtls></NtryDtls></Ntry><Ntry><NtryRef>REF000015194093</NtryRef><Amt Ccy="EUR">2092</Amt><CdtDbtInd>DBIT</CdtDbtInd><AcctSvcrRef>REF000015203955</AcctSvcrRef><BkTxCd><Prtry><Cd>ATSISK</Cd></Prtry></BkTxCd><NtryDtls><Btch><NbOfTxs>1</NbOfTxs></Btch><TxDtls><Amt Ccy="EUR">2092</Amt></TxDtls></NtryDtls></Ntry></Stmt></BkToCstmrStmt></Document>
