<?xml version='1.0' encoding='utf-8'?>
<Document xmlns="urn:iso:std:iso:20022:tech:xsd:camt.053.001.08"><BkToCstmrStmt><GrpHdr><MsgId>MSG85943600-MFLMRM</MsgId><CreDtTm>2024-09-11T19:46:23.965+03:00</CreDtTm><MsgPgntn><PgNb>1</PgNb><LastPgInd>true</LastPgInd></MsgPgntn><OrgnlBizQry><MsgId>MSG36990447-IASZQW</MsgId></OrgnlBizQry></GrpHdr><Stmt><Id>MSG18129631-BRMFZB</Id><Acct><Id><Othr><Id>LT625883379695428516</Id></Othr></Id><Tp><Prtry>ATSISK</Prtry></Tp><Ccy>EUR</Ccy><Ownr><Id><OrgId><AnyBIC>DEUTBEB4NDX</AnyBIC></OrgId></Id></Ownr></Acct><Bal><Tp><CdOrPrtry><Cd>OPBD</Cd></CdOrPrtry></Tp><Amt Ccy="EUR">19326006.16</Amt><Dt><Dt>2024-09-11</Dt></Dt><Avlbty><Amt Ccy="EUR">19325006.16</Amt></Avlbty></Bal><Bal><Tp><CdOrPrtry><Cd>CLBD</Cd></CdOrPrtry></Tp><Amt Ccy="EUR">19549172.42</Amt><Dt><Dt>2024-09-11</Dt></Dt><Avlbty><Amt Ccy="EUR">19548172.42</Amt></Avlbty></Bal><Ntry><NtryRef>REF000021177264</NtryRef><Amt Ccy="EUR">5</Amt><CdtDbtInd>CRDT</CdtDbtInd><AcctSvcrRef>REF000021186646</AcctSvcrRef><BkTxCd><Prtry><Cd>ATSISK</Cd></Prtry></BkTxCd><NtryDtls><Btch><NbOfTxs>1</NbOfTxs></Btch><TxDtls><Amt Ccy="EUR">5</Amt></TxDtls></NtryDtls></Ntry><Ntry><NtryRef>REF000021191092</NtryRef><Amt Ccy="EUR">1451426.21</Amt><CdtDbtInd>CRDT</CdtDbtInd><AcctSvcrRef>REF000021205239</AcctSvcrRef><BkTxCd><Prtry><Cd>ATSISK</Cd></Prtry></BkTxCd><NtryDtls><Btch><NbOfTxs>186</NbOfTxs></Btch><TxDtls><Amt Ccy="EUR">1451426.21</Amt></TxDtls></NtryDtls></Ntry><Ntry><NtryRef>REF000021218025</NtryRef><Amt Ccy="EUR">500</Amt><CdtDbtInd>DBIT</CdtDbtInd><AcctSvcrRef>REF000021223704</AcctSvcrRef><BkTxCd><Prtry><Cd>ATSISK</Cd></Prtry></BkTxCd><NtryDtls><Btch><NbOfTxs>1</NbOfTxs></Btch><TxDtls><Amt Ccy="EUR">500</Amt></TxDtls></NtryDtls></Ntry><Ntry><NtryRef>REF000021238851</NtryRef><Amt Ccy="EUR">216</Amt><CdtDbtInd>CRDT</CdtDbtInd><AcctSvcrRef>REF000021241558</AcctSvcrRef><BkTxCd><Prtry><Cd>ATSISK</Cd></Prtry></BkTxCd><NtryDtls><Btch><NbOfTxs>2</NbOfTxs></Btch><TxDtls><Amt Ccy="EUR">216</Amt></TxDtls></NtryDtls></Ntry><Ntry><NtryRef>REF000021251734</NtryRef><Amt Ccy="EUR">1004906.94</Amt><CdtDbtInd>DBIT</CdtDbtInd><AcctSvcrRef>REF000021269955</AcctSvcrRef><BkTxCd><Prtry><Cd>KLIRNG</Cd></Prtry></BkTxCd><NtryDtls><Btch><NbOfTxs>6</NbOfTxs></Btch><TxDtls><Amt Ccy="EUR">1004906.94</Amt></TxDtls></NtryDtls></Ntry><Ntry><NtryRef>REF000021275235</NtryRef><Amt Ccy="EUR">215590.28</Amt><CdtDbtInd>DBIT</CdtDbtInd><AcctSvcrRef>REF000021288309</AcctSvcrRef><BkTxCd><Prtry><Cd>ATSISK</Cd></Prtry></BkTxCd><NtryDtls><Btch><NbOfTxs>1</NbOfTxs></Btch><TxDtls><Amt Ccy="EUR">215590.28</Amt></TxDtls></NtryDtls></Ntry><Ntry><NtryRef>REF000021299900</NtryRef><Amt Ccy="EUR">39557.67</Amt><CdtDbtInd>DBIT</CdtDbtInd><AcctSvcrRef>REF000021309124</AcctSvcrRef><BkTxCd><Prtry><Cd>ATSISK</Cd></Prtry></BkTxCd><NtryDtls><Btch><NbOfTxs>1</NbOfTxs></Btch><TxDtls><Amt Ccy="EUR">39557.67</Amt></TxDtls></NtryDtls></Ntry><Ntry><NtryRef>REF000021318735</NtryRef><Amt Ccy="EUR">11198.94</Amt><CdtDbtInd>CRDT</CdtDbtInd><AcctSvcrRef>REF000021325676</AcctSvcrRef><BkTxCd><Prtry><Cd>ATSISK</Cd></Prtry></BkTxCd><NtryDtls><Btch><NbOfTxs>2</NbOfTxs></Btch><TxDtls><Amt Ccy="EUR">11198.94</Amt></TxDtls></NtryDtls></Ntry><Ntry><NtryRef>REF000021331655</NtryRef><Amt Ccy="EUR">1700</Amt><CdtDbtInd>DBIT</CdtDbtInd><AcctSvcrRef>REF000021345284</AcctSvcrRef><BkTxCd><Prtry><Cd>ATSISK</Cd></Prtry></BkTxCd><NtryDtls><Btch><NbOfTxs>2</NbOfTxs></Btch><TxDtls><Amt Ccy="EUR">1700</Amt></TxDtls></NtryDtls></Ntry><Ntry><NtryRef>REF000021354093</NtryRef><Amt Ccy="EUR">22575</Amt><CdtDbtInd>CRDT</CdtDbtInd><AcctSvcrRef>REF000021363955</AcctSvcrRef><BkTxCd><Prtry><Cd>ATSISK</Cd></Prtry></BkTxCd><NtryDtls><Btch><NbOfTxs>1</NbOfTxs></Btch><TxDtls><Amt Ccy="EUR">22575</Amt></TxDtls></NtryDtls></Ntry></Stmt></BkToCstmrStmt></Document>
