<?xml version='1.0' encoding='utf-8'?>
<Document xmlns="urn:iso:std:iso:20022:tech:xsd:camt.053.001.08"><BkToCstmrStmt><GrpHdr><MsgId>MSG85943600-MFLMRM</MsgId><CreDtTm>2024-05-15T19:46:24.207+03:00</CreDtTm><MsgPgntn><PgNb>2</PgNb><LastPgInd>true</LastPgInd></MsgPgntn><OrgnlBizQry><MsgId>MSG73205625-WEUCUX</MsgId></OrgnlBizQry></GrpHdr><Stmt><Id>MSG63225523-WMNAJJ</Id><Acct><Id><Othr><Id>LT625883379695428516</Id></Othr></Id><Tp><Prtry>ATSISK</Prtry></Tp><Ccy>EUR</Ccy><Ownr><Id><OrgId><AnyBIC>DEUTBEB4NDX</AnyBIC></OrgId></Id></Ownr></Acct><Bal><Tp><CdOrPrtry><Cd>OPBD</Cd></CdOrPrtry></Tp><Amt Ccy="EUR">16335663.78</Amt><Dt><Dt>2024-05-15</Dt></Dt><Avlbty><Amt Ccy="EUR">16334663.78</Amt></Avlbty></Bal><Bal><Tp><CdOrPrtry><Cd>CLBD</Cd></CdOrPrtry></Tp><Amt Ccy="EUR">19028519.93</Amt><Dt><Dt>2024-05-15</Dt></Dt><Avlbty><Amt Ccy="EUR">19027519.93</Amt></Avlbty></Bal><Ntry><NtryRef>REF000007571558</NtryRef><Amt Ccy="EUR">45000</Amt><CdtDbtInd>DBIT</CdtDbtInd><AcctSvcrRef>REF000007583800</AcctSvcrRef><BkTxCd><Prtry><Cd>ATSISK</Cd></Prtry></BkTxCd><NtryDtls><Btch><NbOfTxs>1</NbOfTxs></Btch><TxDtls><Amt Ccy="EUR">45000</Amt></TxDtls></NtryDtls></Ntry><Ntry><NtryRef>REF000007597264</NtryRef><Amt Ccy="EUR">5</Amt><CdtDbtInd>CRDT</CdtDbtInd><AcctSvcrRef>REF000007606646</AcctSvcrRef><BkTxCd><Prtry><Cd>ATSISK</Cd></Prtry></BkTxCd><NtryDtls><Btch><NbOfTxs>1</NbOfTxs></Btch><TxDtls><Amt Ccy="EUR">5</Amt></TxDtls></NtryDtls></Ntry><Ntry><NtryRef>REF000007611092</NtryRef><Amt Ccy="EUR">3434752.69</Amt><CdtDbtInd>CRDT</CdtDbtInd><AcctSvcrRef>REF000007625239</AcctSvcrRef><BkTxCd><Prtry><Cd>ATSISK</Cd></Prtry></BkTxCd><NtryDtls><Btch><NbOfTxs>112</NbOfTxs></Btch><TxDtls><Amt Ccy="EUR">3434752.69</Amt></TxDtls></NtryDtls></Ntry><Ntry><NtryRef>REF000007638851</NtryRef><Amt Ccy="EUR">559.02</Amt><CdtDbtInd>DBIT</CdtDbtInd><AcctSvcrRef>REF000007641558</AcctSvcrRef><BkTxCd><Prtry><Cd>ATSISK</Cd></Prtry></BkTxCd><NtryDtls><Btch><NbOfTxs>1</NbOfTxs></Btch><TxDtls><Amt Ccy="EUR">559.02</Amt></TxDtls></NtryDtls></Ntry><Ntry><NtryRef>REF000007651734</NtryRef><Amt Ccy="EUR">570178.02</Amt><CdtDbtInd>DBIT</CdtDbtInd><AcctSvcrRef>REF000007669955</AcctSvcrRef><BkTxCd><Prtry><Cd>KLIRNG</Cd></Prtry></BkTxCd><NtryDtls><Btch><NbOfTxs>7</NbOfTxs></Btch><TxDtls><Amt Ccy="EUR">570178.02</Amt></TxDtls></NtryDtls></Ntry><Ntry><NtryRef>REF000007675235</NtryRef><Amt Ccy="EUR">130568</Amt><CdtDbtInd>DBIT</CdtDbtInd><AcctSvcrRef>REF000007688309</AcctSvcrRef><BkTxCd><Prtry><Cd>ATSISK</Cd></Prtry></BkTxCd><NtryDtls><Btch><NbOfTxs>1</NbOfTxs></Btch><TxDtls><Amt Ccy="EUR">130568</Amt></TxDtls></NtryDtls></Ntry><Ntry><NtryRef>REF000007692615</NtryRef><Amt Ccy="EUR">190</Amt><CdtDbtInd>DBIT</CdtDbtInd><AcctSvcrRef>REF000007707676</AcctSvcrRef><BkTxCd><Prtry><Cd>ATSISK</Cd></Prtry></BkTxCd><NtryDtls><Btch><NbOfTxs>1</NbOfTxs></Btch><TxDtls><Amt Ccy="EUR">190</Amt></TxDtls></NtryDtls></Ntry><Ntry><NtryRef>REF000007717243</NtryRef><Amt Ccy="EUR">4593.5</Amt><CdtDbtInd>CRDT</CdtDbtInd><AcctSvcrRef>REF000007726477</AcctSvcrRef><BkTxCd><Prtry><Cd>ATSISK</Cd></Prtry></BkTxCd><NtryDtls><Btch><NbOfTxs>1</NbOfTxs></Btch><TxDtls><Amt Ccy="EUR">4593.5</Amt></TxDtls></NtryDtls></Ntry></Stmt><Stmt><Id>MSG27528037-LNLOHP</Id><Acct><Id><Othr><Id>LT414319056143772570</Id></Othr></Id><Tp><Prtry>ATSSK2</Prtry></Tp><Ccy>EUR</Ccy><Ownr><Id><OrgId><AnyBIC>DEUTBEB4NDX</AnyBIC></OrgId></Id></Ownr></Acct><Bal><Tp><CdOrPrtry><Cd>OPBD</Cd></CdOrPrtry></Tp><Amt Ccy="EUR">801.55</Amt><Dt><Dt>2024-05-15</Dt></Dt><Avlbty><Amt Ccy="EUR">801.55</Amt></Avlbty></Bal><Bal><Tp><CdOrPrtry><Cd>CLBD</Cd></CdOrPrtry></Tp><Amt Ccy="EUR">801.55</Amt><Dt><Dt>2024-05-15</Dt></Dt><Avlbty><Amt Ccy="EUR">801.55</Amt></Avlbty></Bal></Stmt></BkToCstmrStmt></Document>
