<?xml version='1.0' encoding='utf-8'?>
<Document xmlns="urn:iso:std:iso:20022:tech:xsd:camt.053.001.08"><BkToCstmrStmt><GrpHdr><MsgId>MSG85943600-MFLMRM</MsgId><CreDtTm>2024-09-20T19:47:23.098+03:00</CreDtTm><MsgPgntn><PgNb>1</PgNb><LastPgInd>true</LastPgInd></MsgPgntn><OrgnlBizQry><MsgId>MSG65180284-AZGKAU</MsgId></OrgnlBizQry></GrpHdr><Stmt><Id>MSG76293201-VTLWUJ</Id><Acct><Id><Othr><Id>LT625883379695428516</Id></Othr></Id><Tp><Prtry>ATSISK</Prtry></Tp><Ccy>EUR</Ccy><Ownr><Id><OrgId><AnyBIC>DEUTBEB4NDX</AnyBIC></OrgId></Id></Ownr></Acct><Bal><Tp><CdOrPrtry><Cd>OPBD</Cd></CdOrPrtry></Tp><Amt Ccy="EUR">19933721.93</Amt><Dt><Dt>2024-09-20</Dt></Dt><Avlbty><Amt Ccy="EUR">19932721.93</Amt></Avlbty></Bal><Bal><Tp><CdOrPrtry><Cd>CLBD</Cd></CdOrPrtry></Tp><Amt Ccy="EUR">21216101.09</Amt><Dt><Dt>2024-09-20</Dt></Dt><Avlbty><Amt Ccy="EUR">21215101.09</Amt></Avlbty></Bal><Ntry><NtryRef>REF000022557264</NtryRef><Amt Ccy="EUR">2</Amt><CdtDbtInd>CRDT</CdtDbtInd><AcctSvcrRef>REF000022566646</AcctSvcrRef><BkTxCd><Prtry><Cd>ATSISK</Cd></Prtry></BkTxCd><NtryDtls><Btch><NbOfTxs>1</NbOfTxs></Btch><TxDtls><Amt Ccy="EUR">2</Amt></TxDtls></NtryDtls></Ntry><Ntry><NtryRef>REF000022571092</NtryRef><Amt Ccy="EUR">2459007.58</Amt><CdtDbtInd>CRDT</CdtDbtInd><AcctSvcrRef>REF000022585239</AcctSvcrRef><BkTxCd><Prtry><Cd>ATSISK</Cd></Prtry></BkTxCd><NtryDtls><Btch><NbOfTxs>161</NbOfTxs></Btch><TxDtls><Amt Ccy="EUR">2459007.58</Amt></TxDtls></NtryDtls></Ntry><Ntry><NtryRef>REF000022598227</NtryRef><Amt Ccy="EUR">374215.18</Amt><CdtDbtInd>CRDT</CdtDbtInd><AcctSvcrRef>REF000022602605</AcctSvcrRef><BkTxCd><Prtry><Cd>ATSISK</Cd></Prtry></BkTxCd><NtryDtls><Btch><NbOfTxs>1</NbOfTxs></Btch><TxDtls><Amt Ccy="EUR">374215.18</Amt></TxDtls></NtryDtls></Ntry><Ntry><NtryRef>REF000022618227</NtryRef><Amt Ccy="EUR">374215.18</Amt><CdtDbtInd>DBIT</CdtDbtInd><AcctSvcrRef>REF000022622605</AcctSvcrRef><BkTxCd><Prtry><Cd>ATSISK</Cd></Prtry></BkTxCd><NtryDtls><Btch><NbOfTxs>1</NbOfTxs></Btch><TxDtls><Amt Ccy="EUR">374215.18</Amt></TxDtls></NtryDtls></Ntry><Ntry><NtryRef>REF000022631734</NtryRef><Amt Ccy="EUR">1190551.54</Amt><CdtDbtInd>DBIT</CdtDbtInd><AcctSvcrRef>REF000022649955</AcctSvcrRef><BkTxCd><Prtry><Cd>KLIRNG</Cd></Prtry></BkTxCd><NtryDtls><Btch><NbOfTxs>7</NbOfTxs></Btch><TxDtls><Amt Ccy="EUR">1190551.54</Amt></TxDtls></NtryDtls></Ntry><Ntry><NtryRef>REF000022653697</NtryRef><Amt Ccy="EUR">7751.79</Amt><CdtDbtInd>CRDT</CdtDbtInd><AcctSvcrRef>REF000022662611</AcctSvcrRef><BkTxCd><Prtry><Cd>ATSISK</Cd></Prtry></BkTxCd><NtryDtls><Btch><NbOfTxs>1</NbOfTxs></Btch><TxDtls><Amt Ccy="EUR">7751.79</Amt></TxDtls></NtryDtls></Ntry><Ntry><NtryRef>REF000022671655</NtryRef><Amt Ccy="EUR">1690</Amt><CdtDbtInd>DBIT</CdtDbtInd><AcctSvcrRef>REF000022685284</AcctSvcrRef><BkTxCd><Prtry><Cd>ATSISK</Cd></Prtry></BkTxCd><NtryDtls><Btch><NbOfTxs>1</NbOfTxs></Btch><TxDtls><Amt Ccy="EUR">1690</Amt></TxDtls></NtryDtls></Ntry><Ntry><NtryRef>REF000022697078</NtryRef><Amt Ccy="EUR">7859.33</Amt><CdtDbtInd>CRDT</CdtDbtInd><AcctSvcrRef>REF000022702822</AcctSvcrRef><BkTxCd><Prtry><Cd>ATSISK</Cd></Prtry></BkTxCd><NtryDtls><Btch><NbOfTxs>1</NbOfTxs></Btch><TxDtls><Amt Ccy="EUR">7859.33</Amt></TxDtls></NtryDtls></Ntry></Stmt></BkToCstmrStmt></Document>
