<?xml version='1.0' encoding='utf-8'?>
<Document xmlns="urn:iso:std:iso:20022:tech:xsd:camt.053.001.08"><BkToCstmrStmt><GrpHdr><MsgId>MSG85943600-MFLMRM</MsgId><CreDtTm>2024-08-27T19:47:19.626+03:00</CreDtTm><MsgPgntn><PgNb>2</PgNb><LastPgInd>true</LastPgInd></MsgPgntn><OrgnlBizQry><MsgId>MSG91941979-OGINAH</MsgId></OrgnlBizQry></GrpHdr><Stmt><Id>MSG59032282-FJPIRV</Id><Acct><Id><Othr><Id>LT414319056143772570</Id></Othr></Id><Tp><Prtry>ATSSK2</Prtry></Tp><Ccy>EUR</Ccy><Ownr><Id><OrgId><AnyBIC>DEUTBEB4NDX</AnyBIC></OrgId></Id></Ownr></Acct><Bal><Tp><CdOrPrtry><Cd>OPBD</Cd></CdOrPrtry></Tp><Amt Ccy="EUR">801.55</Amt><Dt><Dt>2024-08-27</Dt></Dt><Avlbty><Amt Ccy="EUR">801.55</Amt></Avlbty></Bal><Bal><Tp><CdOrPrtry><Cd>CLBD</Cd></CdOrPrtry></Tp><Amt Ccy="EUR">0</Amt><Dt><Dt>2024-08-27</Dt></Dt><Avlbty><Amt Ccy="EUR">0</Amt></Avlbty></Bal><Ntry><NtryRef>REF000019518784</NtryRef><Amt Ccy="EUR">801.55</Amt><CdtDbtInd>DBIT</CdtDbtInd><AcctSvcrRef>REF000019526434</AcctSvcrRef><BkTxCd><Prtry><Cd>ATSISK</Cd></Prtry></BkTxCd><NtryDtls><Btch><NbOfTxs>1</NbOfTxs></Btch><TxDtls><Amt Ccy="EUR">801.55</Amt></TxDtls></NtryDtls></Ntry></Stmt><Stmt><Id>MSG16281022-KZKVUK</Id><Acct><Id><Othr><Id>LT625883379695428516</Id></Othr></Id><Tp><Prtry>ATSISK</Prtry></Tp><Ccy>EUR</Ccy><Ownr><Id><OrgId><AnyBIC>DEUTBEB4NDX</AnyBIC></OrgId></Id></Ownr></Acct><Bal><Tp><CdOrPrtry><Cd>OPBD</Cd></CdOrPrtry></Tp><Amt Ccy="EUR">13889752.91</Amt><Dt><Dt>2024-08-27</Dt></Dt><Avlbty><Amt Ccy="EUR">13888752.91</Amt></Avlbty></Bal><Bal><Tp><CdOrPrtry><Cd>CLBD</Cd></CdOrPrtry></Tp><Amt Ccy="EUR">13979019.64</Amt><Dt><Dt>2024-08-27</Dt></Dt><Avlbty><Amt Ccy="EUR">13978019.64</Amt></Avlbty></Bal><Ntry><NtryRef>REF000019538280</NtryRef><Amt Ccy="EUR">5568.21</Amt><CdtDbtInd>CRDT</CdtDbtInd><AcctSvcrRef>REF000019541452</AcctSvcrRef><BkTxCd><Prtry><Cd>ATSISK</Cd></Prtry></BkTxCd><NtryDtls><Btch><NbOfTxs>1</NbOfTxs></Btch><TxDtls><Amt Ccy="EUR">5568.21</Amt></TxDtls></NtryDtls></Ntry><Ntry><NtryRef>REF000019551092</NtryRef><Amt Ccy="EUR">871468.77</Amt><CdtDbtInd>CRDT</CdtDbtInd><AcctSvcrRef>REF000019565239</AcctSvcrRef><BkTxCd><Prtry><Cd>ATSISK</Cd></Prtry></BkTxCd><NtryDtls><Btch><NbOfTxs>238</NbOfTxs></Btch><TxDtls><Amt Ccy="EUR">871468.77</Amt></TxDtls></NtryDtls></Ntry><Ntry><NtryRef>REF000019571734</NtryRef><Amt Ccy="EUR">780970.25</Amt><CdtDbtInd>DBIT</CdtDbtInd><AcctSvcrRef>REF000019589955</AcctSvcrRef><BkTxCd><Prtry><Cd>KLIRNG</Cd></Prtry></BkTxCd><NtryDtls><Btch><NbOfTxs>7</NbOfTxs></Btch><TxDtls><Amt Ccy="EUR">780970.25</Amt></TxDtls></NtryDtls></Ntry><Ntry><NtryRef>REF000019594704</NtryRef><Amt Ccy="EUR">6700</Amt><CdtDbtInd>DBIT</CdtDbtInd><AcctSvcrRef>REF000019604477</AcctSvcrRef><BkTxCd><Prtry><Cd>ATSISK</Cd></Prtry></BkTxCd><NtryDtls><Btch><NbOfTxs>1</NbOfTxs></Btch><TxDtls><Amt Ccy="EUR">6700</Amt></TxDtls></NtryDtls></Ntry><Ntry><NtryRef>REF000019611655</NtryRef><Amt Ccy="EUR">100</Amt><CdtDbtInd>DBIT</CdtDbtInd><AcctSvcrRef>REF000019625284</AcctSvcrRef><BkTxCd><Prtry><Cd>ATSISK</Cd></Prtry></BkTxCd><NtryDtls><Btch><NbOfTxs>2</NbOfTxs></Btch><TxDtls><Amt Ccy="EUR">100</Amt></TxDtls></NtryDtls></Ntry></Stmt></BkToCstmrStmt></Document>
