<?xml version='1.0' encoding='utf-8'?>
<Document xmlns="urn:iso:std:iso:20022:tech:xsd:camt.053.001.08"><BkToCstmrStmt><GrpHdr><MsgId>MSG85943600-MFLMRM</MsgId><CreDtTm>2024-06-18T19:48:26.613+03:00</CreDtTm><MsgPgntn><PgNb>2</PgNb><LastPgInd>true</LastPgInd></MsgPgntn><OrgnlBizQry><MsgId>MSG14148380-RRMDSG</MsgId></OrgnlBizQry></GrpHdr><Stmt><Id>MSG87863470-UXMELC</Id><Acct><Id><Othr><Id>LT625883379695428516</Id></Othr></Id><Tp><Prtry>ATSISK</Prtry></Tp><Ccy>EUR</Ccy><Ownr><Id><OrgId><AnyBIC>DEUTBEB4NDX</AnyBIC></OrgId></Id></Ownr></Acct><Bal><Tp><CdOrPrtry><Cd>OPBD</Cd></CdOrPrtry></Tp><Amt Ccy="EUR">23202983.32</Amt><Dt><Dt>2024-06-18</Dt></Dt><Avlbty><Amt Ccy="EUR">23201983.32</Amt></Avlbty></Bal><Bal><Tp><CdOrPrtry><Cd>CLBD</Cd></CdOrPrtry></Tp><Amt Ccy="EUR">18359346.97</Amt><Dt><Dt>2024-06-18</Dt></Dt><Avlbty><Amt Ccy="EUR">18358346.97</Amt></Avlbty></Bal><Ntry><NtryRef>REF000011511558</NtryRef><Amt Ccy="EUR">17412</Amt><CdtDbtInd>DBIT</CdtDbtInd><AcctSvcrRef>REF000011523800</AcctSvcrRef><BkTxCd><Prtry><Cd>ATSISK</Cd></Prtry></BkTxCd><NtryDtls><Btch><NbOfTxs>4</NbOfTxs></Btch><TxDtls><Amt Ccy="EUR">17412</Amt></TxDtls></NtryDtls></Ntry><Ntry><NtryRef>REF000011537264</NtryRef><Amt Ccy="EUR">166</Amt><CdtDbtInd>CRDT</CdtDbtInd><AcctSvcrRef>REF000011546646</AcctSvcrRef><BkTxCd><Prtry><Cd>ATSISK</Cd></Prtry></BkTxCd><NtryDtls><Btch><NbOfTxs>1</NbOfTxs></Btch><TxDtls><Amt Ccy="EUR">166</Amt></TxDtls></NtryDtls></Ntry><Ntry><NtryRef>REF000011551092</NtryRef><Amt Ccy="EUR">653403.59</Amt><CdtDbtInd>CRDT</CdtDbtInd><AcctSvcrRef>REF000011565239</AcctSvcrRef><BkTxCd><Prtry><Cd>ATSISK</Cd></Prtry></BkTxCd><NtryDtls><Btch><NbOfTxs>209</NbOfTxs></Btch><TxDtls><Amt Ccy="EUR">653403.59</Amt></TxDtls></NtryDtls></Ntry><Ntry><NtryRef>REF000011578025</NtryRef><Amt Ccy="EUR">20</Amt><CdtDbtInd>DBIT</CdtDbtInd><AcctSvcrRef>REF000011583704</AcctSvcrRef><BkTxCd><Prtry><Cd>ATSISK</Cd></Prtry></BkTxCd><NtryDtls><Btch><NbOfTxs>1</NbOfTxs></Btch><TxDtls><Amt Ccy="EUR">20</Amt></TxDtls></NtryDtls></Ntry><Ntry><NtryRef>REF000011598851</NtryRef><Amt Ccy="EUR">559.02</Amt><CdtDbtInd>DBIT</CdtDbtInd><AcctSvcrRef>REF000011601558</AcctSvcrRef><BkTxCd><Prtry><Cd>ATSISK</Cd></Prtry></BkTxCd><NtryDtls><Btch><NbOfTxs>1</NbOfTxs></Btch><TxDtls><Amt Ccy="EUR">559.02</Amt></TxDtls></NtryDtls></Ntry><Ntry><NtryRef>REF000011611331</NtryRef><Amt Ccy="EUR">3486</Amt><CdtDbtInd>DBIT</CdtDbtInd><AcctSvcrRef>REF000011621748</AcctSvcrRef><BkTxCd><Prtry><Cd>ATSISK</Cd></Prtry></BkTxCd><NtryDtls><Btch><NbOfTxs>1</NbOfTxs></Btch><TxDtls><Amt Ccy="EUR">3486</Amt></TxDtls></NtryDtls></Ntry><Ntry><NtryRef>REF000011631734</NtryRef><Amt Ccy="EUR">540693.69</Amt><CdtDbtInd>DBIT</CdtDbtInd><AcctSvcrRef>REF000011649955</AcctSvcrRef><BkTxCd><Prtry><Cd>KLIRNG</Cd></Prtry></BkTxCd><NtryDtls><Btch><NbOfTxs>7</NbOfTxs></Btch><TxDtls><Amt Ccy="EUR">540693.69</Amt></TxDtls></NtryDtls></Ntry><Ntry><NtryRef>REF000011655235</NtryRef><Amt Ccy="EUR">3630664.23</Amt><CdtDbtInd>DBIT</CdtDbtInd><AcctSvcrRef>REF000011668309</AcctSvcrRef><BkTxCd><Prtry><Cd>ATSISK</Cd></Prtry></BkTxCd><NtryDtls><Btch><NbOfTxs>19</NbOfTxs></Btch><TxDtls><Amt Ccy="EUR">3630664.23</Amt></TxDtls></NtryDtls></Ntry><Ntry><NtryRef>REF000011679900</NtryRef><Amt Ccy="EUR">181427</Amt><CdtDbtInd>DBIT</CdtDbtInd><AcctSvcrRef>REF000011689124</AcctSvcrRef><BkTxCd><Prtry><Cd>ATSISK</Cd></Prtry></BkTxCd><NtryDtls><Btch><NbOfTxs>8</NbOfTxs></Btch><TxDtls><Amt Ccy="EUR">181427</Amt></TxDtls></NtryDtls></Ntry><Ntry><NtryRef>REF000011691655</NtryRef><Amt Ccy="EUR">44600</Amt><CdtDbtInd>DBIT</CdtDbtInd><AcctSvcrRef>REF000011705284</AcctSvcrRef><BkTxCd><Prtry><Cd>ATSISK</Cd></Prtry></BkTxCd><NtryDtls><Btch><NbOfTxs>1</NbOfTxs></Btch><TxDtls><Amt Ccy="EUR">44600</Amt></TxDtls></NtryDtls></Ntry><Ntry><NtryRef>REF000011718113</NtryRef><Amt Ccy="EUR">1015519</Amt><CdtDbtInd>DBIT</CdtDbtInd><AcctSvcrRef>REF000011729931</AcctSvcrRef><BkTxCd><Prtry><Cd>ATSISK</Cd></Prtry></BkTxCd><NtryDtls><Btch><NbOfTxs>1</NbOfTxs></Btch><TxDtls><Amt Ccy="EUR">1015519</Amt></TxDtls></NtryDtls></Ntry><Ntry><NtryRef>REF000011734093</NtryRef><Amt Ccy="EUR">62825</Amt><CdtDbtInd>DBIT</CdtDbtInd><AcctSvcrRef>REF000011743955</AcctSvcrRef><BkTxCd><Prtry><Cd>ATSISK</Cd></Prtry></BkTxCd><NtryDtls><Btch><NbOfTxs>2</NbOfTxs></Btch><TxDtls><Amt Ccy="EUR">62825</Amt></TxDtls></NtryDtls></Ntry></Stmt><Stmt><Id>MSG94837383-LYCROW</Id><Acct><Id><Othr><Id>LT414319056143772570</Id></Othr></Id><Tp><Prtry>ATSSK2</Prtry></Tp><Ccy>EUR</Ccy><Ownr><Id><OrgId><AnyBIC>DEUTBEB4NDX</AnyBIC></OrgId></Id></Ownr></Acct><Bal><Tp><CdOrPrtry><Cd>OPBD</Cd></CdOrPrtry></Tp><Amt Ccy="EUR">801.55</Amt><Dt><Dt>2024-06-18</Dt></Dt><Avlbty><Amt Ccy="EUR">801.55</Amt></Avlbty></Bal><Bal><Tp><CdOrPrtry><Cd>CLBD</Cd></CdOrPrtry></Tp><Amt Ccy="EUR">801.55</Amt><Dt><Dt>2024-06-18</Dt></Dt><Avlbty><Amt Ccy="EUR">801.55</Amt></Avlbty></Bal></Stmt></BkToCstmrStmt></Document>
