<?xml version='1.0' encoding='utf-8'?>
<Document xmlns="urn:iso:std:iso:20022:tech:xsd:camt.053.001.08"><BkToCstmrStmt><GrpHdr><MsgId>MSG85943600-MFLMRM</MsgId><CreDtTm>2024-06-05T19:47:26.512+03:00</CreDtTm><MsgPgntn><PgNb>2</PgNb><LastPgInd>true</LastPgInd></MsgPgntn><OrgnlBizQry><MsgId>MSG93407631-TYPYTB</MsgId></OrgnlBizQry></GrpHdr><Stmt><Id>MSG76510220-WAJXRH</Id><Acct><Id><Othr><Id>LT625883379695428516</Id></Othr></Id><Tp><Prtry>ATSISK</Prtry></Tp><Ccy>EUR</Ccy><Ownr><Id><OrgId><AnyBIC>DEUTBEB4NDX</AnyBIC></OrgId></Id></Ownr></Acct><Bal><Tp><CdOrPrtry><Cd>OPBD</Cd></CdOrPrtry></Tp><Amt Ccy="EUR">18784968.67</Amt><Dt><Dt>2024-06-05</Dt></Dt><Avlbty><Amt Ccy="EUR">18783968.67</Amt></Avlbty></Bal><Bal><Tp><CdOrPrtry><Cd>CLBD</Cd></CdOrPrtry></Tp><Amt Ccy="EUR">19063190.23</Amt><Dt><Dt>2024-06-05</Dt></Dt><Avlbty><Amt Ccy="EUR">19062190.23</Amt></Avlbty></Bal><Ntry><NtryRef>REF000010191092</NtryRef><Amt Ccy="EUR">720401.8</Amt><CdtDbtInd>CRDT</CdtDbtInd><AcctSvcrRef>REF000010205239</AcctSvcrRef><BkTxCd><Prtry><Cd>ATSISK</Cd></Prtry></BkTxCd><NtryDtls><Btch><NbOfTxs>257</NbOfTxs></Btch><TxDtls><Amt Ccy="EUR">720401.8</Amt></TxDtls></NtryDtls></Ntry><Ntry><NtryRef>REF000010211734</NtryRef><Amt Ccy="EUR">413350.66</Amt><CdtDbtInd>DBIT</CdtDbtInd><AcctSvcrRef>REF000010229955</AcctSvcrRef><BkTxCd><Prtry><Cd>KLIRNG</Cd></Prtry></BkTxCd><NtryDtls><Btch><NbOfTxs>7</NbOfTxs></Btch><TxDtls><Amt Ccy="EUR">413350.66</Amt></TxDtls></NtryDtls></Ntry><Ntry><NtryRef>REF000010238735</NtryRef><Amt Ccy="EUR">1059.58</Amt><CdtDbtInd>DBIT</CdtDbtInd><AcctSvcrRef>REF000010248134</AcctSvcrRef><BkTxCd><Prtry><Cd>ATSISK</Cd></Prtry></BkTxCd><NtryDtls><Btch><NbOfTxs>1</NbOfTxs></Btch><TxDtls><Amt Ccy="EUR">1059.58</Amt></TxDtls></NtryDtls></Ntry><Ntry><NtryRef>REF000010256776</NtryRef><Amt Ccy="EUR">30</Amt><CdtDbtInd>CRDT</CdtDbtInd><AcctSvcrRef>REF000010264080</AcctSvcrRef><BkTxCd><Prtry><Cd>ATSISK</Cd></Prtry></BkTxCd><NtryDtls><Btch><NbOfTxs>1</NbOfTxs></Btch><TxDtls><Amt Ccy="EUR">30</Amt></TxDtls></NtryDtls></Ntry><Ntry><NtryRef>REF000010274704</NtryRef><Amt Ccy="EUR">27800</Amt><CdtDbtInd>DBIT</CdtDbtInd><AcctSvcrRef>REF000010284477</AcctSvcrRef><BkTxCd><Prtry><Cd>ATSISK</Cd></Prtry></BkTxCd><NtryDtls><Btch><NbOfTxs>1</NbOfTxs></Btch><TxDtls><Amt Ccy="EUR">27800</Amt></TxDtls></NtryDtls></Ntry></Stmt><Stmt><Id>MSG80112388-IAUERB</Id><Acct><Id><Othr><Id>LT414319056143772570</Id></Othr></Id><Tp><Prtry>ATSSK2</Prtry></Tp><Ccy>EUR</Ccy><Ownr><Id><OrgId><AnyBIC>DEUTBEB4NDX</AnyBIC></OrgId></Id></Ownr></Acct><Bal><Tp><CdOrPrtry><Cd>OPBD</Cd></CdOrPrtry></Tp><Amt Ccy="EUR">801.55</Amt><Dt><Dt>2024-06-05</Dt></Dt><Avlbty><Amt Ccy="EUR">801.55</Amt></Avlbty></Bal><Bal><Tp><CdOrPrtry><Cd>CLBD</Cd></CdOrPrtry></Tp><Amt Ccy="EUR">801.55</Amt><Dt><Dt>2024-06-05</Dt></Dt><Avlbty><Amt Ccy="EUR">801.55</Amt></Avlbty></Bal></Stmt></BkToCstmrStmt></Document>
