<?xml version='1.0' encoding='utf-8'?>
<Document xmlns="urn:iso:std:iso:20022:tech:xsd:camt.053.001.08"><BkToCstmrStmt><GrpHdr><MsgId>MSG85943600-MFLMRM</MsgId><CreDtTm>2024-03-13T19:47:19.107+02:00</CreDtTm><MsgPgntn><PgNb>2</PgNb><LastPgInd>true</LastPgInd></MsgPgntn><OrgnlBizQry><MsgId>MSG72381943-ZCNKKX</MsgId></OrgnlBizQry></GrpHdr><Stmt><Id>MSG18473875-ESWLLQ</Id><Acct><Id><Othr><Id>LT625883379695428516</Id></Othr></Id><Tp><Prtry>ATSISK</Prtry></Tp><Ccy>EUR</Ccy><Ownr><Id><OrgId><AnyBIC>DEUTBEB4NDX</AnyBIC></OrgId></Id></Ownr></Acct><Bal><Tp><CdOrPrtry><Cd>OPBD</Cd></CdOrPrtry></Tp><Amt Ccy="EUR">24557140.69</Amt><Dt><Dt>2024-03-13</Dt></Dt><Avlbty><Amt Ccy="EUR">24556140.69</Amt></Avlbty></Bal><Bal><Tp><CdOrPrtry><Cd>CLBD</Cd></CdOrPrtry></Tp><Amt Ccy="EUR">24045029.5</Amt><Dt><Dt>2024-03-13</Dt></Dt><Avlbty><Amt Ccy="EUR">24044029.5</Amt></Avlbty></Bal><Ntry><NtryRef>REF000000535215</NtryRef><Amt Ccy="EUR">365000</Amt><CdtDbtInd>DBIT</CdtDbtInd><AcctSvcrRef>REF000000542846</AcctSvcrRef><BkTxCd><Prtry><Cd>ATSISK</Cd></Prtry></BkTxCd><NtryDtls><Btch><NbOfTxs>1</NbOfTxs></Btch><TxDtls><Amt Ccy="EUR">365000</Amt></TxDtls></NtryDtls></Ntry><Ntry><NtryRef>REF000000551092</NtryRef><Amt Ccy="EUR">1662459.3</Amt><CdtDbtInd>CRDT</CdtDbtInd><AcctSvcrRef>REF000000565239</AcctSvcrRef><BkTxCd><Prtry><Cd>ATSISK</Cd></Prtry></BkTxCd><NtryDtls><Btch><NbOfTxs>70</NbOfTxs></Btch><TxDtls><Amt Ccy="EUR">1662459.3</Amt></TxDtls></NtryDtls></Ntry><Ntry><NtryRef>REF000000578025</NtryRef><Amt Ccy="EUR">15</Amt><CdtDbtInd>DBIT</CdtDbtInd><AcctSvcrRef>REF000000583704</AcctSvcrRef><BkTxCd><Prtry><Cd>ATSISK</Cd></Prtry></BkTxCd><NtryDtls><Btch><NbOfTxs>2</NbOfTxs></Btch><TxDtls><Amt Ccy="EUR">15</Amt></TxDtls></NtryDtls></Ntry><Ntry><NtryRef>REF000000591734</NtryRef><Amt Ccy="EUR">1714731.41</Amt><CdtDbtInd>DBIT</CdtDbtInd><AcctSvcrRef>REF000000609955</AcctSvcrRef><BkTxCd><Prtry><Cd>KLIRNG</Cd></Prtry></BkTxCd><NtryDtls><Btch><NbOfTxs>5</NbOfTxs></Btch><TxDtls><Amt Ccy="EUR">1714731.41</Amt></TxDtls></NtryDtls></Ntry><Ntry><NtryRef>REF000000615235</NtryRef><Amt Ccy="EUR">94724.08</Amt><CdtDbtInd>DBIT</CdtDbtInd><AcctSvcrRef>REF000000628309</AcctSvcrRef><BkTxCd><Prtry><Cd>ATSISK</Cd></Prtry></BkTxCd><NtryDtls><Btch><NbOfTxs>1</NbOfTxs></Btch><TxDtls><Amt Ccy="EUR">94724.08</Amt></TxDtls></NtryDtls></Ntry><Ntry><NtryRef>REF000000632845</NtryRef><Amt Ccy="EUR">100</Amt><CdtDbtInd>DBIT</CdtDbtInd><AcctSvcrRef>REF000000642208</AcctSvcrRef><BkTxCd><Prtry><Cd>ATSISK</Cd></Prtry></BkTxCd><NtryDtls><Btch><NbOfTxs>1</NbOfTxs></Btch><TxDtls><Amt Ccy="EUR">100</Amt></TxDtls></NtryDtls></Ntry></Stmt><Stmt><Id>MSG95217280-JTULDZ</Id><Acct><Id><Othr><Id>LT414319056143772570</Id></Othr></Id><Tp><Prtry>ATSSK2</Prtry></Tp><Ccy>EUR</Ccy><Ownr><Id><OrgId><AnyBIC>DEUTBEB4NDX</AnyBIC></OrgId></Id></Ownr></Acct><Bal><Tp><CdOrPrtry><Cd>OPBD</Cd></CdOrPrtry></Tp><Amt Ccy="EUR">4801.55</Amt><Dt><Dt>2024-03-13</Dt></Dt><Avlbty><Amt Ccy="EUR">4801.55</Amt></Avlbty></Bal><Bal><Tp><CdOrPrtry><Cd>CLBD</Cd></CdOrPrtry></Tp><Amt Ccy="EUR">4801.55</Amt><Dt><Dt>2024-03-13</Dt></Dt><Avlbty><Amt Ccy="EUR">4801.55</Amt></Avlbty></Bal></Stmt></BkToCstmrStmt></Document>
