<?xml version='1.0' encoding='utf-8'?>
<Document xmlns="urn:iso:std:iso:20022:tech:xsd:camt.053.001.08"><BkToCstmrStmt><GrpHdr><MsgId>MSG85943600-MFLMRM</MsgId><CreDtTm>2024-09-24T19:48:33.002+03:00</CreDtTm><MsgPgntn><PgNb>1</PgNb><LastPgInd>true</LastPgInd></MsgPgntn><OrgnlBizQry><MsgId>MSG51334591-PYZMHL</MsgId></OrgnlBizQry></GrpHdr><Stmt><Id>MSG36711211-OMSCQE</Id><Acct><Id><Othr><Id>LT625883379695428516</Id></Othr></Id><Tp><Prtry>ATSISK</Prtry></Tp><Ccy>EUR</Ccy><Ownr><Id><OrgId><AnyBIC>DEUTBEB4NDX</AnyBIC></OrgId></Id></Ownr></Acct><Bal><Tp><CdOrPrtry><Cd>OPBD</Cd></CdOrPrtry></Tp><Amt Ccy="EUR">19592291.21</Amt><Dt><Dt>2024-09-24</Dt></Dt><Avlbty><Amt Ccy="EUR">19591291.21</Amt></Avlbty></Bal><Bal><Tp><CdOrPrtry><Cd>CLBD</Cd></CdOrPrtry></Tp><Amt Ccy="EUR">20587753.59</Amt><Dt><Dt>2024-09-24</Dt></Dt><Avlbty><Amt Ccy="EUR">20586753.59</Amt></Avlbty></Bal><Ntry><NtryRef>REF000022898267</NtryRef><Amt Ccy="EUR">2</Amt><CdtDbtInd>CRDT</CdtDbtInd><AcctSvcrRef>REF000022904440</AcctSvcrRef><BkTxCd><Prtry><Cd>ATSISK</Cd></Prtry></BkTxCd><NtryDtls><Btch><NbOfTxs>1</NbOfTxs></Btch><TxDtls><Amt Ccy="EUR">2</Amt></TxDtls></NtryDtls></Ntry><Ntry><NtryRef>REF000022917264</NtryRef><Amt Ccy="EUR">91</Amt><CdtDbtInd>CRDT</CdtDbtInd><AcctSvcrRef>REF000022926646</AcctSvcrRef><BkTxCd><Prtry><Cd>ATSISK</Cd></Prtry></BkTxCd><NtryDtls><Btch><NbOfTxs>1</NbOfTxs></Btch><TxDtls><Amt Ccy="EUR">91</Amt></TxDtls></NtryDtls></Ntry><Ntry><NtryRef>REF000022938280</NtryRef><Amt Ccy="EUR">3361.86</Amt><CdtDbtInd>CRDT</CdtDbtInd><AcctSvcrRef>REF000022941452</AcctSvcrRef><BkTxCd><Prtry><Cd>ATSISK</Cd></Prtry></BkTxCd><NtryDtls><Btch><NbOfTxs>1</NbOfTxs></Btch><TxDtls><Amt Ccy="EUR">3361.86</Amt></TxDtls></NtryDtls></Ntry><Ntry><NtryRef>REF000022951092</NtryRef><Amt Ccy="EUR">1606143.48</Amt><CdtDbtInd>CRDT</CdtDbtInd><AcctSvcrRef>REF000022965239</AcctSvcrRef><BkTxCd><Prtry><Cd>ATSISK</Cd></Prtry></BkTxCd><NtryDtls><Btch><NbOfTxs>405</NbOfTxs></Btch><TxDtls><Amt Ccy="EUR">1606143.48</Amt></TxDtls></NtryDtls></Ntry><Ntry><NtryRef>REF000022971734</NtryRef><Amt Ccy="EUR">613825.96</Amt><CdtDbtInd>DBIT</CdtDbtInd><AcctSvcrRef>REF000022989955</AcctSvcrRef><BkTxCd><Prtry><Cd>KLIRNG</Cd></Prtry></BkTxCd><NtryDtls><Btch><NbOfTxs>7</NbOfTxs></Btch><TxDtls><Amt Ccy="EUR">613825.96</Amt></TxDtls></NtryDtls></Ntry><Ntry><NtryRef>REF000022991655</NtryRef><Amt Ccy="EUR">310</Amt><CdtDbtInd>DBIT</CdtDbtInd><AcctSvcrRef>REF000023005284</AcctSvcrRef><BkTxCd><Prtry><Cd>ATSISK</Cd></Prtry></BkTxCd><NtryDtls><Btch><NbOfTxs>2</NbOfTxs></Btch><TxDtls><Amt Ccy="EUR">310</Amt></TxDtls></NtryDtls></Ntry></Stmt></BkToCstmrStmt></Document>
