<?xml version='1.0' encoding='utf-8'?>
<Document xmlns="urn:iso:std:iso:20022:tech:xsd:camt.053.001.08"><BkToCstmrStmt><GrpHdr><MsgId>MSG85943600-MFLMRM</MsgId><CreDtTm>2024-09-10T19:47:20.005+03:00</CreDtTm><MsgPgntn><PgNb>1</PgNb><LastPgInd>true</LastPgInd></MsgPgntn><OrgnlBizQry><MsgId>MSG36988160-FNXLOU</MsgId></OrgnlBizQry></GrpHdr><Stmt><Id>MSG61520112-BYBHAD</Id><Acct><Id><Othr><Id>LT625883379695428516</Id></Othr></Id><Tp><Prtry>ATSISK</Prtry></Tp><Ccy>EUR</Ccy><Ownr><Id><OrgId><AnyBIC>DEUTBEB4NDX</AnyBIC></OrgId></Id></Ownr></Acct><Bal><Tp><CdOrPrtry><Cd>OPBD</Cd></CdOrPrtry></Tp><Amt Ccy="EUR">18880179.81</Amt><Dt><Dt>2024-09-10</Dt></Dt><Avlbty><Amt Ccy="EUR">18879179.81</Amt></Avlbty></Bal><Bal><Tp><CdOrPrtry><Cd>CLBD</Cd></CdOrPrtry></Tp><Amt Ccy="EUR">19326006.16</Amt><Dt><Dt>2024-09-10</Dt></Dt><Avlbty><Amt Ccy="EUR">19325006.16</Amt></Avlbty></Bal><Ntry><NtryRef>REF000021018280</NtryRef><Amt Ccy="EUR">600688.18</Amt><CdtDbtInd>DBIT</CdtDbtInd><AcctSvcrRef>REF000021021452</AcctSvcrRef><BkTxCd><Prtry><Cd>ATSISK</Cd></Prtry></BkTxCd><NtryDtls><Btch><NbOfTxs>2</NbOfTxs></Btch><TxDtls><Amt Ccy="EUR">600688.18</Amt></TxDtls></NtryDtls></Ntry><Ntry><NtryRef>REF000021031092</NtryRef><Amt Ccy="EUR">2958581.6</Amt><CdtDbtInd>CRDT</CdtDbtInd><AcctSvcrRef>REF000021045239</AcctSvcrRef><BkTxCd><Prtry><Cd>ATSISK</Cd></Prtry></BkTxCd><NtryDtls><Btch><NbOfTxs>485</NbOfTxs></Btch><TxDtls><Amt Ccy="EUR">2958581.6</Amt></TxDtls></NtryDtls></Ntry><Ntry><NtryRef>REF000021051734</NtryRef><Amt Ccy="EUR">1339794.75</Amt><CdtDbtInd>DBIT</CdtDbtInd><AcctSvcrRef>REF000021069955</AcctSvcrRef><BkTxCd><Prtry><Cd>KLIRNG</Cd></Prtry></BkTxCd><NtryDtls><Btch><NbOfTxs>7</NbOfTxs></Btch><TxDtls><Amt Ccy="EUR">1339794.75</Amt></TxDtls></NtryDtls></Ntry><Ntry><NtryRef>REF000021079900</NtryRef><Amt Ccy="EUR">459362.78</Amt><CdtDbtInd>DBIT</CdtDbtInd><AcctSvcrRef>REF000021089124</AcctSvcrRef><BkTxCd><Prtry><Cd>ATSISK</Cd></Prtry></BkTxCd><NtryDtls><Btch><NbOfTxs>1</NbOfTxs></Btch><TxDtls><Amt Ccy="EUR">459362.78</Amt></TxDtls></NtryDtls></Ntry><Ntry><NtryRef>REF000021096002</NtryRef><Amt Ccy="EUR">23197.11</Amt><CdtDbtInd>CRDT</CdtDbtInd><AcctSvcrRef>REF000021109457</AcctSvcrRef><BkTxCd><Prtry><Cd>ATSISK</Cd></Prtry></BkTxCd><NtryDtls><Btch><NbOfTxs>1</NbOfTxs></Btch><TxDtls><Amt Ccy="EUR">23197.11</Amt></TxDtls></NtryDtls></Ntry><Ntry><NtryRef>REF000021112615</NtryRef><Amt Ccy="EUR">84105.15</Amt><CdtDbtInd>DBIT</CdtDbtInd><AcctSvcrRef>REF000021127676</AcctSvcrRef><BkTxCd><Prtry><Cd>ATSISK</Cd></Prtry></BkTxCd><NtryDtls><Btch><NbOfTxs>1</NbOfTxs></Btch><TxDtls><Amt Ccy="EUR">84105.15</Amt></TxDtls></NtryDtls></Ntry><Ntry><NtryRef>REF000021131655</NtryRef><Amt Ccy="EUR">804.7</Amt><CdtDbtInd>DBIT</CdtDbtInd><AcctSvcrRef>REF000021145284</AcctSvcrRef><BkTxCd><Prtry><Cd>ATSISK</Cd></Prtry></BkTxCd><NtryDtls><Btch><NbOfTxs>2</NbOfTxs></Btch><TxDtls><Amt Ccy="EUR">804.7</Amt></TxDtls></NtryDtls></Ntry><Ntry><NtryRef>REF000021152845</NtryRef><Amt Ccy="EUR">51196.8</Amt><CdtDbtInd>DBIT</CdtDbtInd><AcctSvcrRef>REF000021162208</AcctSvcrRef><BkTxCd><Prtry><Cd>ATSISK</Cd></Prtry></BkTxCd><NtryDtls><Btch><NbOfTxs>1</NbOfTxs></Btch><TxDtls><Amt Ccy="EUR">51196.8</Amt></TxDtls></NtryDtls></Ntry></Stmt></BkToCstmrStmt></Document>
