<?xml version='1.0' encoding='utf-8'?>
<Document xmlns="urn:iso:std:iso:20022:tech:xsd:camt.053.001.08"><BkToCstmrStmt><GrpHdr><MsgId>MSG85943600-MFLMRM</MsgId><CreDtTm>2024-08-19T19:48:23.831+03:00</CreDtTm><MsgPgntn><PgNb>2</PgNb><LastPgInd>true</LastPgInd></MsgPgntn><OrgnlBizQry><MsgId>MSG58233744-UMYHUR</MsgId></OrgnlBizQry></GrpHdr><Stmt><Id>MSG24464026-EFMCDB</Id><Acct><Id><Othr><Id>LT414319056143772570</Id></Othr></Id><Tp><Prtry>ATSSK2</Prtry></Tp><Ccy>EUR</Ccy><Ownr><Id><OrgId><AnyBIC>DEUTBEB4NDX</AnyBIC></OrgId></Id></Ownr></Acct><Bal><Tp><CdOrPrtry><Cd>OPBD</Cd></CdOrPrtry></Tp><Amt Ccy="EUR">801.55</Amt><Dt><Dt>2024-08-19</Dt></Dt><Avlbty><Amt Ccy="EUR">801.55</Amt></Avlbty></Bal><Bal><Tp><CdOrPrtry><Cd>CLBD</Cd></CdOrPrtry></Tp><Amt Ccy="EUR">801.55</Amt><Dt><Dt>2024-08-19</Dt></Dt><Avlbty><Amt Ccy="EUR">801.55</Amt></Avlbty></Bal></Stmt><Stmt><Id>MSG16959070-CCSDWQ</Id><Acct><Id><Othr><Id>LT625883379695428516</Id></Othr></Id><Tp><Prtry>ATSISK</Prtry></Tp><Ccy>EUR</Ccy><Ownr><Id><OrgId><AnyBIC>DEUTBEB4NDX</AnyBIC></OrgId></Id></Ownr></Acct><Bal><Tp><CdOrPrtry><Cd>OPBD</Cd></CdOrPrtry></Tp><Amt Ccy="EUR">17209321.68</Amt><Dt><Dt>2024-08-19</Dt></Dt><Avlbty><Amt Ccy="EUR">17208321.68</Amt></Avlbty></Bal><Bal><Tp><CdOrPrtry><Cd>CLBD</Cd></CdOrPrtry></Tp><Amt Ccy="EUR">16728647.41</Amt><Dt><Dt>2024-08-19</Dt></Dt><Avlbty><Amt Ccy="EUR">16727647.41</Amt></Avlbty></Bal><Ntry><NtryRef>REF000018639665</NtryRef><Amt Ccy="EUR">5000</Amt><CdtDbtInd>DBIT</CdtDbtInd><AcctSvcrRef>REF000018646020</AcctSvcrRef><BkTxCd><Prtry><Cd>ATSISK</Cd></Prtry></BkTxCd><NtryDtls><Btch><NbOfTxs>1</NbOfTxs></Btch><TxDtls><Amt Ccy="EUR">5000</Amt></TxDtls></NtryDtls></Ntry><Ntry><NtryRef>REF000018651092</NtryRef><Amt Ccy="EUR">846614.3</Amt><CdtDbtInd>CRDT</CdtDbtInd><AcctSvcrRef>REF000018665239</AcctSvcrRef><BkTxCd><Prtry><Cd>ATSISK</Cd></Prtry></BkTxCd><NtryDtls><Btch><NbOfTxs>620</NbOfTxs></Btch><TxDtls><Amt Ccy="EUR">846614.3</Amt></TxDtls></NtryDtls></Ntry><Ntry><NtryRef>REF000018671734</NtryRef><Amt Ccy="EUR">967068.78</Amt><CdtDbtInd>DBIT</CdtDbtInd><AcctSvcrRef>REF000018689955</AcctSvcrRef><BkTxCd><Prtry><Cd>KLIRNG</Cd></Prtry></BkTxCd><NtryDtls><Btch><NbOfTxs>7</NbOfTxs></Btch><TxDtls><Amt Ccy="EUR">967068.78</Amt></TxDtls></NtryDtls></Ntry><Ntry><NtryRef>REF000018695235</NtryRef><Amt Ccy="EUR">261717</Amt><CdtDbtInd>DBIT</CdtDbtInd><AcctSvcrRef>REF000018708309</AcctSvcrRef><BkTxCd><Prtry><Cd>ATSISK</Cd></Prtry></BkTxCd><NtryDtls><Btch><NbOfTxs>1</NbOfTxs></Btch><TxDtls><Amt Ccy="EUR">261717</Amt></TxDtls></NtryDtls></Ntry><Ntry><NtryRef>REF000018714704</NtryRef><Amt Ccy="EUR">10400</Amt><CdtDbtInd>DBIT</CdtDbtInd><AcctSvcrRef>REF000018724477</AcctSvcrRef><BkTxCd><Prtry><Cd>ATSISK</Cd></Prtry></BkTxCd><NtryDtls><Btch><NbOfTxs>1</NbOfTxs></Btch><TxDtls><Amt Ccy="EUR">10400</Amt></TxDtls></NtryDtls></Ntry><Ntry><NtryRef>REF000018732615</NtryRef><Amt Ccy="EUR">80443.78</Amt><CdtDbtInd>DBIT</CdtDbtInd><AcctSvcrRef>REF000018747676</AcctSvcrRef><BkTxCd><Prtry><Cd>ATSISK</Cd></Prtry></BkTxCd><NtryDtls><Btch><NbOfTxs>1</NbOfTxs></Btch><TxDtls><Amt Ccy="EUR">80443.78</Amt></TxDtls></NtryDtls></Ntry><Ntry><NtryRef>REF000018751655</NtryRef><Amt Ccy="EUR">2659.01</Amt><CdtDbtInd>DBIT</CdtDbtInd><AcctSvcrRef>REF000018765284</AcctSvcrRef><BkTxCd><Prtry><Cd>ATSISK</Cd></Prtry></BkTxCd><NtryDtls><Btch><NbOfTxs>4</NbOfTxs></Btch><TxDtls><Amt Ccy="EUR">2659.01</Amt></TxDtls></NtryDtls></Ntry></Stmt></BkToCstmrStmt></Document>
