<?xml version='1.0' encoding='utf-8'?>
<Document xmlns="urn:iso:std:iso:20022:tech:xsd:camt.053.001.08"><BkToCstmrStmt><GrpHdr><MsgId>MSG85943600-MFLMRM</MsgId><CreDtTm>2024-05-08T19:47:14.436+03:00</CreDtTm><MsgPgntn><PgNb>2</PgNb><LastPgInd>true</LastPgInd></MsgPgntn><OrgnlBizQry><MsgId>MSG78657357-TEHNQU</MsgId></OrgnlBizQry></GrpHdr><Stmt><Id>MSG76472380-CDNCHV</Id><Acct><Id><Othr><Id>LT625883379695428516</Id></Othr></Id><Tp><Prtry>ATSISK</Prtry></Tp><Ccy>EUR</Ccy><Ownr><Id><OrgId><AnyBIC>DEUTBEB4NDX</AnyBIC></OrgId></Id></Ownr></Acct><Bal><Tp><CdOrPrtry><Cd>OPBD</Cd></CdOrPrtry></Tp><Amt Ccy="EUR">17741515.12</Amt><Dt><Dt>2024-05-08</Dt></Dt><Avlbty><Amt Ccy="EUR">17740515.12</Amt></Avlbty></Bal><Bal><Tp><CdOrPrtry><Cd>CLBD</Cd></CdOrPrtry></Tp><Amt Ccy="EUR">16367452.97</Amt><Dt><Dt>2024-05-08</Dt></Dt><Avlbty><Amt Ccy="EUR">16366452.97</Amt></Avlbty></Bal><Ntry><NtryRef>REF000006711558</NtryRef><Amt Ccy="EUR">109958</Amt><CdtDbtInd>DBIT</CdtDbtInd><AcctSvcrRef>REF000006723800</AcctSvcrRef><BkTxCd><Prtry><Cd>ATSISK</Cd></Prtry></BkTxCd><NtryDtls><Btch><NbOfTxs>2</NbOfTxs></Btch><TxDtls><Amt Ccy="EUR">109958</Amt></TxDtls></NtryDtls></Ntry><Ntry><NtryRef>REF000006739665</NtryRef><Amt Ccy="EUR">79453.24</Amt><CdtDbtInd>DBIT</CdtDbtInd><AcctSvcrRef>REF000006746020</AcctSvcrRef><BkTxCd><Prtry><Cd>ATSISK</Cd></Prtry></BkTxCd><NtryDtls><Btch><NbOfTxs>1</NbOfTxs></Btch><TxDtls><Amt Ccy="EUR">79453.24</Amt></TxDtls></NtryDtls></Ntry><Ntry><NtryRef>REF000006751092</NtryRef><Amt Ccy="EUR">1215924.33</Amt><CdtDbtInd>CRDT</CdtDbtInd><AcctSvcrRef>REF000006765239</AcctSvcrRef><BkTxCd><Prtry><Cd>ATSISK</Cd></Prtry></BkTxCd><NtryDtls><Btch><NbOfTxs>107</NbOfTxs></Btch><TxDtls><Amt Ccy="EUR">1215924.33</Amt></TxDtls></NtryDtls></Ntry><Ntry><NtryRef>REF000006771331</NtryRef><Amt Ccy="EUR">3902.04</Amt><CdtDbtInd>DBIT</CdtDbtInd><AcctSvcrRef>REF000006781748</AcctSvcrRef><BkTxCd><Prtry><Cd>ATSISK</Cd></Prtry></BkTxCd><NtryDtls><Btch><NbOfTxs>1</NbOfTxs></Btch><TxDtls><Amt Ccy="EUR">3902.04</Amt></TxDtls></NtryDtls></Ntry><Ntry><NtryRef>REF000006791734</NtryRef><Amt Ccy="EUR">747476.8</Amt><CdtDbtInd>DBIT</CdtDbtInd><AcctSvcrRef>REF000006809955</AcctSvcrRef><BkTxCd><Prtry><Cd>KLIRNG</Cd></Prtry></BkTxCd><NtryDtls><Btch><NbOfTxs>6</NbOfTxs></Btch><TxDtls><Amt Ccy="EUR">747476.8</Amt></TxDtls></NtryDtls></Ntry><Ntry><NtryRef>REF000006815235</NtryRef><Amt Ccy="EUR">838146.64</Amt><CdtDbtInd>DBIT</CdtDbtInd><AcctSvcrRef>REF000006828309</AcctSvcrRef><BkTxCd><Prtry><Cd>ATSISK</Cd></Prtry></BkTxCd><NtryDtls><Btch><NbOfTxs>2</NbOfTxs></Btch><TxDtls><Amt Ccy="EUR">838146.64</Amt></TxDtls></NtryDtls></Ntry><Ntry><NtryRef>REF000006839900</NtryRef><Amt Ccy="EUR">602787.85</Amt><CdtDbtInd>DBIT</CdtDbtInd><AcctSvcrRef>REF000006849124</AcctSvcrRef><BkTxCd><Prtry><Cd>ATSISK</Cd></Prtry></BkTxCd><NtryDtls><Btch><NbOfTxs>2</NbOfTxs></Btch><TxDtls><Amt Ccy="EUR">602787.85</Amt></TxDtls></NtryDtls></Ntry><Ntry><NtryRef>REF000006854704</NtryRef><Amt Ccy="EUR">51091.61</Amt><CdtDbtInd>DBIT</CdtDbtInd><AcctSvcrRef>REF000006864477</AcctSvcrRef><BkTxCd><Prtry><Cd>ATSISK</Cd></Prtry></BkTxCd><NtryDtls><Btch><NbOfTxs>1</NbOfTxs></Btch><TxDtls><Amt Ccy="EUR">51091.61</Amt></TxDtls></NtryDtls></Ntry><Ntry><NtryRef>REF000006871655</NtryRef><Amt Ccy="EUR">136942.7</Amt><CdtDbtInd>DBIT</CdtDbtInd><AcctSvcrRef>REF000006885284</AcctSvcrRef><BkTxCd><Prtry><Cd>ATSISK</Cd></Prtry></BkTxCd><NtryDtls><Btch><NbOfTxs>2</NbOfTxs></Btch><TxDtls><Amt Ccy="EUR">136942.7</Amt></TxDtls></NtryDtls></Ntry><Ntry><NtryRef>REF000006892845</NtryRef><Amt Ccy="EUR">100</Amt><CdtDbtInd>DBIT</CdtDbtInd><AcctSvcrRef>REF000006902208</AcctSvcrRef><BkTxCd><Prtry><Cd>ATSISK</Cd></Prtry></BkTxCd><NtryDtls><Btch><NbOfTxs>1</NbOfTxs></Btch><TxDtls><Amt Ccy="EUR">100</Amt></TxDtls></NtryDtls></Ntry><Ntry><NtryRef>REF000006914093</NtryRef><Amt Ccy="EUR">20127.6</Amt><CdtDbtInd>DBIT</CdtDbtInd><AcctSvcrRef>REF000006923955</AcctSvcrRef><BkTxCd><Prtry><Cd>ATSISK</Cd></Prtry></BkTxCd><NtryDtls><Btch><NbOfTxs>1</NbOfTxs></Btch><TxDtls><Amt Ccy="EUR">20127.6</Amt></TxDtls></NtryDtls></Ntry></Stmt><Stmt><Id>MSG13378261-DPUCOV</Id><Acct><Id><Othr><Id>LT414319056143772570</Id></Othr></Id><Tp><Prtry>ATSSK2</Prtry></Tp><Ccy>EUR</Ccy><Ownr><Id><OrgId><AnyBIC>DEUTBEB4NDX</AnyBIC></OrgId></Id></Ownr></Acct><Bal><Tp><CdOrPrtry><Cd>OPBD</Cd></CdOrPrtry></Tp><Amt Ccy="EUR">801.55</Amt><Dt><Dt>2024-05-08</Dt></Dt><Avlbty><Amt Ccy="EUR">801.55</Amt></Avlbty></Bal><Bal><Tp><CdOrPrtry><Cd>CLBD</Cd></CdOrPrtry></Tp><Amt Ccy="EUR">801.55</Amt><Dt><Dt>2024-05-08</Dt></Dt><Avlbty><Amt Ccy="EUR">801.55</Amt></Avlbty></Bal></Stmt></BkToCstmrStmt></Document>
