<?xml version='1.0' encoding='utf-8'?>
<Document xmlns="urn:iso:std:iso:20022:tech:xsd:camt.053.001.08"><BkToCstmrStmt><GrpHdr><MsgId>MSG85943600-MFLMRM</MsgId><CreDtTm>2024-03-19T19:46:26.024+02:00</CreDtTm><MsgPgntn><PgNb>2</PgNb><LastPgInd>true</LastPgInd></MsgPgntn><OrgnlBizQry><MsgId>MSG86531249-PJHNYU</MsgId></OrgnlBizQry></GrpHdr><Stmt><Id>MSG51764505-UORPRF</Id><Acct><Id><Othr><Id>LT625883379695428516</Id></Othr></Id><Tp><Prtry>ATSISK</Prtry></Tp><Ccy>EUR</Ccy><Ownr><Id><OrgId><AnyBIC>DEUTBEB4NDX</AnyBIC></OrgId></Id></Ownr></Acct><Bal><Tp><CdOrPrtry><Cd>OPBD</Cd></CdOrPrtry></Tp><Amt Ccy="EUR">20701981.41</Amt><Dt><Dt>2024-03-19</Dt></Dt><Avlbty><Amt Ccy="EUR">20700981.41</Amt></Avlbty></Bal><Bal><Tp><CdOrPrtry><Cd>CLBD</Cd></CdOrPrtry></Tp><Amt Ccy="EUR">19394788.85</Amt><Dt><Dt>2024-03-19</Dt></Dt><Avlbty><Amt Ccy="EUR">19393788.85</Amt></Avlbty></Bal><Ntry><NtryRef>REF000001131558</NtryRef><Amt Ccy="EUR">525239</Amt><CdtDbtInd>DBIT</CdtDbtInd><AcctSvcrRef>REF000001143800</AcctSvcrRef><BkTxCd><Prtry><Cd>ATSISK</Cd></Prtry></BkTxCd><NtryDtls><Btch><NbOfTxs>3</NbOfTxs></Btch><TxDtls><Amt Ccy="EUR">525239</Amt></TxDtls></NtryDtls></Ntry><Ntry><NtryRef>REF000001159665</NtryRef><Amt Ccy="EUR">23877</Amt><CdtDbtInd>CRDT</CdtDbtInd><AcctSvcrRef>REF000001166020</AcctSvcrRef><BkTxCd><Prtry><Cd>ATSISK</Cd></Prtry></BkTxCd><NtryDtls><Btch><NbOfTxs>1</NbOfTxs></Btch><TxDtls><Amt Ccy="EUR">23877</Amt></TxDtls></NtryDtls></Ntry><Ntry><NtryRef>REF000001179665</NtryRef><Amt Ccy="EUR">23877</Amt><CdtDbtInd>DBIT</CdtDbtInd><AcctSvcrRef>REF000001186020</AcctSvcrRef><BkTxCd><Prtry><Cd>ATSISK</Cd></Prtry></BkTxCd><NtryDtls><Btch><NbOfTxs>1</NbOfTxs></Btch><TxDtls><Amt Ccy="EUR">23877</Amt></TxDtls></NtryDtls></Ntry><Ntry><NtryRef>REF000001191092</NtryRef><Amt Ccy="EUR">598947.53</Amt><CdtDbtInd>CRDT</CdtDbtInd><AcctSvcrRef>REF000001205239</AcctSvcrRef><BkTxCd><Prtry><Cd>ATSISK</Cd></Prtry></BkTxCd><NtryDtls><Btch><NbOfTxs>101</NbOfTxs></Btch><TxDtls><Amt Ccy="EUR">598947.53</Amt></TxDtls></NtryDtls></Ntry><Ntry><NtryRef>REF000001211331</NtryRef><Amt Ccy="EUR">7424</Amt><CdtDbtInd>DBIT</CdtDbtInd><AcctSvcrRef>REF000001221748</AcctSvcrRef><BkTxCd><Prtry><Cd>ATSISK</Cd></Prtry></BkTxCd><NtryDtls><Btch><NbOfTxs>1</NbOfTxs></Btch><TxDtls><Amt Ccy="EUR">7424</Amt></TxDtls></NtryDtls></Ntry><Ntry><NtryRef>REF000001231734</NtryRef><Amt Ccy="EUR">207030.14</Amt><CdtDbtInd>DBIT</CdtDbtInd><AcctSvcrRef>REF000001249955</AcctSvcrRef><BkTxCd><Prtry><Cd>KLIRNG</Cd></Prtry></BkTxCd><NtryDtls><Btch><NbOfTxs>5</NbOfTxs></Btch><TxDtls><Amt Ccy="EUR">207030.14</Amt></TxDtls></NtryDtls></Ntry><Ntry><NtryRef>REF000001255235</NtryRef><Amt Ccy="EUR">1082425.52</Amt><CdtDbtInd>DBIT</CdtDbtInd><AcctSvcrRef>REF000001268309</AcctSvcrRef><BkTxCd><Prtry><Cd>ATSISK</Cd></Prtry></BkTxCd><NtryDtls><Btch><NbOfTxs>4</NbOfTxs></Btch><TxDtls><Amt Ccy="EUR">1082425.52</Amt></TxDtls></NtryDtls></Ntry><Ntry><NtryRef>REF000001271994</NtryRef><Amt Ccy="EUR">31500.01</Amt><CdtDbtInd>DBIT</CdtDbtInd><AcctSvcrRef>REF000001288042</AcctSvcrRef><BkTxCd><Prtry><Cd>ATSISK</Cd></Prtry></BkTxCd><NtryDtls><Btch><NbOfTxs>1</NbOfTxs></Btch><TxDtls><Amt Ccy="EUR">31500.01</Amt></TxDtls></NtryDtls></Ntry><Ntry><NtryRef>REF000001299900</NtryRef><Amt Ccy="EUR">21517</Amt><CdtDbtInd>DBIT</CdtDbtInd><AcctSvcrRef>REF000001309124</AcctSvcrRef><BkTxCd><Prtry><Cd>ATSISK</Cd></Prtry></BkTxCd><NtryDtls><Btch><NbOfTxs>2</NbOfTxs></Btch><TxDtls><Amt Ccy="EUR">21517</Amt></TxDtls></NtryDtls></Ntry><Ntry><NtryRef>REF000001319889</NtryRef><Amt Ccy="EUR">0.58</Amt><CdtDbtInd>CRDT</CdtDbtInd><AcctSvcrRef>REF000001325487</AcctSvcrRef><BkTxCd><Prtry><Cd>ATSISK</Cd></Prtry></BkTxCd><NtryDtls><Btch><NbOfTxs>1</NbOfTxs></Btch><TxDtls><Amt Ccy="EUR">0.58</Amt></TxDtls></NtryDtls></Ntry><Ntry><NtryRef>REF000001334093</NtryRef><Amt Ccy="EUR">31005</Amt><CdtDbtInd>DBIT</CdtDbtInd><AcctSvcrRef>REF000001343955</AcctSvcrRef><BkTxCd><Prtry><Cd>ATSISK</Cd></Prtry></BkTxCd><NtryDtls><Btch><NbOfTxs>1</NbOfTxs></Btch><TxDtls><Amt Ccy="EUR">31005</Amt></TxDtls></NtryDtls></Ntry></Stmt><Stmt><Id>MSG59180370-LVLCRJ</Id><Acct><Id><Othr><Id>LT414319056143772570</Id></Othr></Id><Tp><Prtry>ATSSK2</Prtry></Tp><Ccy>EUR</Ccy><Ownr><Id><OrgId><AnyBIC>DEUTBEB4NDX</AnyBIC></OrgId></Id></Ownr></Acct><Bal><Tp><CdOrPrtry><Cd>OPBD</Cd></CdOrPrtry></Tp><Amt Ccy="EUR">4801.55</Amt><Dt><Dt>2024-03-19</Dt></Dt><Avlbty><Amt Ccy="EUR">4801.55</Amt></Avlbty></Bal><Bal><Tp><CdOrPrtry><Cd>CLBD</Cd></CdOrPrtry></Tp><Amt Ccy="EUR">4801.55</Amt><Dt><Dt>2024-03-19</Dt></Dt><Avlbty><Amt Ccy="EUR">4801.55</Amt></Avlbty></Bal></Stmt></BkToCstmrStmt></Document>
