<?xml version='1.0' encoding='utf-8'?>
<Document xmlns="urn:iso:std:iso:20022:tech:xsd:camt.053.001.08"><BkToCstmrStmt><GrpHdr><MsgId>MSG85943600-MFLMRM</MsgId><CreDtTm>2024-08-15T19:47:29.888+03:00</CreDtTm><MsgPgntn><PgNb>2</PgNb><LastPgInd>true</LastPgInd></MsgPgntn><OrgnlBizQry><MsgId>MSG31858170-HDALZI</MsgId></OrgnlBizQry></GrpHdr><Stmt><Id>MSG30485145-XUZPFF</Id><Acct><Id><Othr><Id>LT414319056143772570</Id></Othr></Id><Tp><Prtry>ATSSK2</Prtry></Tp><Ccy>EUR</Ccy><Ownr><Id><OrgId><AnyBIC>DEUTBEB4NDX</AnyBIC></OrgId></Id></Ownr></Acct><Bal><Tp><CdOrPrtry><Cd>OPBD</Cd></CdOrPrtry></Tp><Amt Ccy="EUR">801.55</Amt><Dt><Dt>2024-08-15</Dt></Dt><Avlbty><Amt Ccy="EUR">801.55</Amt></Avlbty></Bal><Bal><Tp><CdOrPrtry><Cd>CLBD</Cd></CdOrPrtry></Tp><Amt Ccy="EUR">801.55</Amt><Dt><Dt>2024-08-15</Dt></Dt><Avlbty><Amt Ccy="EUR">801.55</Amt></Avlbty></Bal></Stmt><Stmt><Id>MSG85725292-FZODEE</Id><Acct><Id><Othr><Id>LT625883379695428516</Id></Othr></Id><Tp><Prtry>ATSISK</Prtry></Tp><Ccy>EUR</Ccy><Ownr><Id><OrgId><AnyBIC>DEUTBEB4NDX</AnyBIC></OrgId></Id></Ownr></Acct><Bal><Tp><CdOrPrtry><Cd>OPBD</Cd></CdOrPrtry></Tp><Amt Ccy="EUR">17753940.56</Amt><Dt><Dt>2024-08-15</Dt></Dt><Avlbty><Amt Ccy="EUR">17752940.56</Amt></Avlbty></Bal><Bal><Tp><CdOrPrtry><Cd>CLBD</Cd></CdOrPrtry></Tp><Amt Ccy="EUR">17119582.43</Amt><Dt><Dt>2024-08-15</Dt></Dt><Avlbty><Amt Ccy="EUR">17118582.43</Amt></Avlbty></Bal><Ntry><NtryRef>REF000018337264</NtryRef><Amt Ccy="EUR">40</Amt><CdtDbtInd>DBIT</CdtDbtInd><AcctSvcrRef>REF000018346646</AcctSvcrRef><BkTxCd><Prtry><Cd>ATSISK</Cd></Prtry></BkTxCd><NtryDtls><Btch><NbOfTxs>1</NbOfTxs></Btch><TxDtls><Amt Ccy="EUR">40</Amt></TxDtls></NtryDtls></Ntry><Ntry><NtryRef>REF000018359665</NtryRef><Amt Ccy="EUR">5000</Amt><CdtDbtInd>DBIT</CdtDbtInd><AcctSvcrRef>REF000018366020</AcctSvcrRef><BkTxCd><Prtry><Cd>ATSISK</Cd></Prtry></BkTxCd><NtryDtls><Btch><NbOfTxs>1</NbOfTxs></Btch><TxDtls><Amt Ccy="EUR">5000</Amt></TxDtls></NtryDtls></Ntry><Ntry><NtryRef>REF000018371092</NtryRef><Amt Ccy="EUR">370191.76</Amt><CdtDbtInd>CRDT</CdtDbtInd><AcctSvcrRef>REF000018385239</AcctSvcrRef><BkTxCd><Prtry><Cd>ATSISK</Cd></Prtry></BkTxCd><NtryDtls><Btch><NbOfTxs>145</NbOfTxs></Btch><TxDtls><Amt Ccy="EUR">370191.76</Amt></TxDtls></NtryDtls></Ntry><Ntry><NtryRef>REF000018398227</NtryRef><Amt Ccy="EUR">397457.45</Amt><CdtDbtInd>DBIT</CdtDbtInd><AcctSvcrRef>REF000018402605</AcctSvcrRef><BkTxCd><Prtry><Cd>ATSISK</Cd></Prtry></BkTxCd><NtryDtls><Btch><NbOfTxs>1</NbOfTxs></Btch><TxDtls><Amt Ccy="EUR">397457.45</Amt></TxDtls></NtryDtls></Ntry><Ntry><NtryRef>REF000018411734</NtryRef><Amt Ccy="EUR">288039.96</Amt><CdtDbtInd>DBIT</CdtDbtInd><AcctSvcrRef>REF000018429955</AcctSvcrRef><BkTxCd><Prtry><Cd>KLIRNG</Cd></Prtry></BkTxCd><NtryDtls><Btch><NbOfTxs>6</NbOfTxs></Btch><TxDtls><Amt Ccy="EUR">288039.96</Amt></TxDtls></NtryDtls></Ntry><Ntry><NtryRef>REF000018435235</NtryRef><Amt Ccy="EUR">299343</Amt><CdtDbtInd>DBIT</CdtDbtInd><AcctSvcrRef>REF000018448309</AcctSvcrRef><BkTxCd><Prtry><Cd>ATSISK</Cd></Prtry></BkTxCd><NtryDtls><Btch><NbOfTxs>1</NbOfTxs></Btch><TxDtls><Amt Ccy="EUR">299343</Amt></TxDtls></NtryDtls></Ntry><Ntry><NtryRef>REF000018454704</NtryRef><Amt Ccy="EUR">13700</Amt><CdtDbtInd>DBIT</CdtDbtInd><AcctSvcrRef>REF000018464477</AcctSvcrRef><BkTxCd><Prtry><Cd>ATSISK</Cd></Prtry></BkTxCd><NtryDtls><Btch><NbOfTxs>1</NbOfTxs></Btch><TxDtls><Amt Ccy="EUR">13700</Amt></TxDtls></NtryDtls></Ntry><Ntry><NtryRef>REF000018471655</NtryRef><Amt Ccy="EUR">969.48</Amt><CdtDbtInd>DBIT</CdtDbtInd><AcctSvcrRef>REF000018485284</AcctSvcrRef><BkTxCd><Prtry><Cd>ATSISK</Cd></Prtry></BkTxCd><NtryDtls><Btch><NbOfTxs>2</NbOfTxs></Btch><TxDtls><Amt Ccy="EUR">969.48</Amt></TxDtls></NtryDtls></Ntry></Stmt></BkToCstmrStmt></Document>
