<?xml version='1.0' encoding='utf-8'?>
<Document xmlns="urn:iso:std:iso:20022:tech:xsd:camt.053.001.08"><BkToCstmrStmt><GrpHdr><MsgId>MSG85943600-MFLMRM</MsgId><CreDtTm>2024-05-03T19:48:29.511+03:00</CreDtTm><MsgPgntn><PgNb>2</PgNb><LastPgInd>true</LastPgInd></MsgPgntn><OrgnlBizQry><MsgId>MSG17807369-RZMEYR</MsgId></OrgnlBizQry></GrpHdr><Stmt><Id>MSG53197398-JYWVGU</Id><Acct><Id><Othr><Id>LT625883379695428516</Id></Othr></Id><Tp><Prtry>ATSISK</Prtry></Tp><Ccy>EUR</Ccy><Ownr><Id><OrgId><AnyBIC>DEUTBEB4NDX</AnyBIC></OrgId></Id></Ownr></Acct><Bal><Tp><CdOrPrtry><Cd>OPBD</Cd></CdOrPrtry></Tp><Amt Ccy="EUR">18205645.15</Amt><Dt><Dt>2024-05-03</Dt></Dt><Avlbty><Amt Ccy="EUR">18204645.15</Amt></Avlbty></Bal><Bal><Tp><CdOrPrtry><Cd>CLBD</Cd></CdOrPrtry></Tp><Amt Ccy="EUR">17518195.97</Amt><Dt><Dt>2024-05-03</Dt></Dt><Avlbty><Amt Ccy="EUR">17517195.97</Amt></Avlbty></Bal><Ntry><NtryRef>REF000006131558</NtryRef><Amt Ccy="EUR">1833</Amt><CdtDbtInd>DBIT</CdtDbtInd><AcctSvcrRef>REF000006143800</AcctSvcrRef><BkTxCd><Prtry><Cd>ATSISK</Cd></Prtry></BkTxCd><NtryDtls><Btch><NbOfTxs>1</NbOfTxs></Btch><TxDtls><Amt Ccy="EUR">1833</Amt></TxDtls></NtryDtls></Ntry><Ntry><NtryRef>REF000006151092</NtryRef><Amt Ccy="EUR">1181230.96</Amt><CdtDbtInd>CRDT</CdtDbtInd><AcctSvcrRef>REF000006165239</AcctSvcrRef><BkTxCd><Prtry><Cd>ATSISK</Cd></Prtry></BkTxCd><NtryDtls><Btch><NbOfTxs>260</NbOfTxs></Btch><TxDtls><Amt Ccy="EUR">1181230.96</Amt></TxDtls></NtryDtls></Ntry><Ntry><NtryRef>REF000006171331</NtryRef><Amt Ccy="EUR">3290</Amt><CdtDbtInd>DBIT</CdtDbtInd><AcctSvcrRef>REF000006181748</AcctSvcrRef><BkTxCd><Prtry><Cd>ATSISK</Cd></Prtry></BkTxCd><NtryDtls><Btch><NbOfTxs>1</NbOfTxs></Btch><TxDtls><Amt Ccy="EUR">3290</Amt></TxDtls></NtryDtls></Ntry><Ntry><NtryRef>REF000006191734</NtryRef><Amt Ccy="EUR">394923.99</Amt><CdtDbtInd>DBIT</CdtDbtInd><AcctSvcrRef>REF000006209955</AcctSvcrRef><BkTxCd><Prtry><Cd>KLIRNG</Cd></Prtry></BkTxCd><NtryDtls><Btch><NbOfTxs>7</NbOfTxs></Btch><TxDtls><Amt Ccy="EUR">394923.99</Amt></TxDtls></NtryDtls></Ntry><Ntry><NtryRef>REF000006215235</NtryRef><Amt Ccy="EUR">974596</Amt><CdtDbtInd>DBIT</CdtDbtInd><AcctSvcrRef>REF000006228309</AcctSvcrRef><BkTxCd><Prtry><Cd>ATSISK</Cd></Prtry></BkTxCd><NtryDtls><Btch><NbOfTxs>6</NbOfTxs></Btch><TxDtls><Amt Ccy="EUR">974596</Amt></TxDtls></NtryDtls></Ntry><Ntry><NtryRef>REF000006239900</NtryRef><Amt Ccy="EUR">156371</Amt><CdtDbtInd>DBIT</CdtDbtInd><AcctSvcrRef>REF000006249124</AcctSvcrRef><BkTxCd><Prtry><Cd>ATSISK</Cd></Prtry></BkTxCd><NtryDtls><Btch><NbOfTxs>2</NbOfTxs></Btch><TxDtls><Amt Ccy="EUR">156371</Amt></TxDtls></NtryDtls></Ntry><Ntry><NtryRef>REF000006256050</NtryRef><Amt Ccy="EUR">197895.15</Amt><CdtDbtInd>DBIT</CdtDbtInd><AcctSvcrRef>REF000006261303</AcctSvcrRef><BkTxCd><Prtry><Cd>ATSISK</Cd></Prtry></BkTxCd><NtryDtls><Btch><NbOfTxs>1</NbOfTxs></Btch><TxDtls><Amt Ccy="EUR">197895.15</Amt></TxDtls></NtryDtls></Ntry><Ntry><NtryRef>REF000006278113</NtryRef><Amt Ccy="EUR">122178</Amt><CdtDbtInd>DBIT</CdtDbtInd><AcctSvcrRef>REF000006289931</AcctSvcrRef><BkTxCd><Prtry><Cd>ATSISK</Cd></Prtry></BkTxCd><NtryDtls><Btch><NbOfTxs>1</NbOfTxs></Btch><TxDtls><Amt Ccy="EUR">122178</Amt></TxDtls></NtryDtls></Ntry><Ntry><NtryRef>REF000006294093</NtryRef><Amt Ccy="EUR">17593</Amt><CdtDbtInd>DBIT</CdtDbtInd><AcctSvcrRef>REF000006303955</AcctSvcrRef><BkTxCd><Prtry><Cd>ATSISK</Cd></Prtry></BkTxCd><NtryDtls><Btch><NbOfTxs>1</NbOfTxs></Btch><TxDtls><Amt Ccy="EUR">17593</Amt></TxDtls></NtryDtls></Ntry></Stmt><Stmt><Id>MSG62706266-AFAWBA</Id><Acct><Id><Othr><Id>LT414319056143772570</Id></Othr></Id><Tp><Prtry>ATSSK2</Prtry></Tp><Ccy>EUR</Ccy><Ownr><Id><OrgId><AnyBIC>DEUTBEB4NDX</AnyBIC></OrgId></Id></Ownr></Acct><Bal><Tp><CdOrPrtry><Cd>OPBD</Cd></CdOrPrtry></Tp><Amt Ccy="EUR">801.55</Amt><Dt><Dt>2024-05-03</Dt></Dt><Avlbty><Amt Ccy="EUR">801.55</Amt></Avlbty></Bal><Bal><Tp><CdOrPrtry><Cd>CLBD</Cd></CdOrPrtry></Tp><Amt Ccy="EUR">801.55</Amt><Dt><Dt>2024-05-03</Dt></Dt><Avlbty><Amt Ccy="EUR">801.55</Amt></Avlbty></Bal></Stmt></BkToCstmrStmt></Document>
