<?xml version='1.0' encoding='utf-8'?>
<Document xmlns="urn:iso:std:iso:20022:tech:xsd:camt.053.001.08"><BkToCstmrStmt><GrpHdr><MsgId>MSG85943600-MFLMRM</MsgId><CreDtTm>2024-03-22T19:46:22.851+02:00</CreDtTm><MsgPgntn><PgNb>2</PgNb><LastPgInd>true</LastPgInd></MsgPgntn><OrgnlBizQry><MsgId>MSG28896448-QPZCZE</MsgId></OrgnlBizQry></GrpHdr><Stmt><Id>MSG19375892-LRKAAH</Id><Acct><Id><Othr><Id>LT625883379695428516</Id></Othr></Id><Tp><Prtry>ATSISK</Prtry></Tp><Ccy>EUR</Ccy><Ownr><Id><OrgId><AnyBIC>DEUTBEB4NDX</AnyBIC></OrgId></Id></Ownr></Acct><Bal><Tp><CdOrPrtry><Cd>OPBD</Cd></CdOrPrtry></Tp><Amt Ccy="EUR">19227508.73</Amt><Dt><Dt>2024-03-22</Dt></Dt><Avlbty><Amt Ccy="EUR">19226508.73</Amt></Avlbty></Bal><Bal><Tp><CdOrPrtry><Cd>CLBD</Cd></CdOrPrtry></Tp><Amt Ccy="EUR">20440127.61</Amt><Dt><Dt>2024-03-22</Dt></Dt><Avlbty><Amt Ccy="EUR">20439127.61</Amt></Avlbty></Bal><Ntry><NtryRef>REF000001611558</NtryRef><Amt Ccy="EUR">53763.94</Amt><CdtDbtInd>DBIT</CdtDbtInd><AcctSvcrRef>REF000001623800</AcctSvcrRef><BkTxCd><Prtry><Cd>ATSISK</Cd></Prtry></BkTxCd><NtryDtls><Btch><NbOfTxs>1</NbOfTxs></Btch><TxDtls><Amt Ccy="EUR">53763.94</Amt></TxDtls></NtryDtls></Ntry><Ntry><NtryRef>REF000001639665</NtryRef><Amt Ccy="EUR">100321</Amt><CdtDbtInd>DBIT</CdtDbtInd><AcctSvcrRef>REF000001646020</AcctSvcrRef><BkTxCd><Prtry><Cd>ATSISK</Cd></Prtry></BkTxCd><NtryDtls><Btch><NbOfTxs>2</NbOfTxs></Btch><TxDtls><Amt Ccy="EUR">100321</Amt></TxDtls></NtryDtls></Ntry><Ntry><NtryRef>REF000001651092</NtryRef><Amt Ccy="EUR">2199697.23</Amt><CdtDbtInd>CRDT</CdtDbtInd><AcctSvcrRef>REF000001665239</AcctSvcrRef><BkTxCd><Prtry><Cd>ATSISK</Cd></Prtry></BkTxCd><NtryDtls><Btch><NbOfTxs>102</NbOfTxs></Btch><TxDtls><Amt Ccy="EUR">2199697.23</Amt></TxDtls></NtryDtls></Ntry><Ntry><NtryRef>REF000001678227</NtryRef><Amt Ccy="EUR">15710.7</Amt><CdtDbtInd>DBIT</CdtDbtInd><AcctSvcrRef>REF000001682605</AcctSvcrRef><BkTxCd><Prtry><Cd>ATSISK</Cd></Prtry></BkTxCd><NtryDtls><Btch><NbOfTxs>2</NbOfTxs></Btch><TxDtls><Amt Ccy="EUR">15710.7</Amt></TxDtls></NtryDtls></Ntry><Ntry><NtryRef>REF000001691331</NtryRef><Amt Ccy="EUR">30000</Amt><CdtDbtInd>DBIT</CdtDbtInd><AcctSvcrRef>REF000001701748</AcctSvcrRef><BkTxCd><Prtry><Cd>ATSISK</Cd></Prtry></BkTxCd><NtryDtls><Btch><NbOfTxs>1</NbOfTxs></Btch><TxDtls><Amt Ccy="EUR">30000</Amt></TxDtls></NtryDtls></Ntry><Ntry><NtryRef>REF000001711734</NtryRef><Amt Ccy="EUR">783788.99</Amt><CdtDbtInd>DBIT</CdtDbtInd><AcctSvcrRef>REF000001729955</AcctSvcrRef><BkTxCd><Prtry><Cd>KLIRNG</Cd></Prtry></BkTxCd><NtryDtls><Btch><NbOfTxs>5</NbOfTxs></Btch><TxDtls><Amt Ccy="EUR">783788.99</Amt></TxDtls></NtryDtls></Ntry><Ntry><NtryRef>REF000001735235</NtryRef><Amt Ccy="EUR">968</Amt><CdtDbtInd>DBIT</CdtDbtInd><AcctSvcrRef>REF000001748309</AcctSvcrRef><BkTxCd><Prtry><Cd>ATSISK</Cd></Prtry></BkTxCd><NtryDtls><Btch><NbOfTxs>1</NbOfTxs></Btch><TxDtls><Amt Ccy="EUR">968</Amt></TxDtls></NtryDtls></Ntry><Ntry><NtryRef>REF000001759900</NtryRef><Amt Ccy="EUR">523</Amt><CdtDbtInd>DBIT</CdtDbtInd><AcctSvcrRef>REF000001769124</AcctSvcrRef><BkTxCd><Prtry><Cd>ATSISK</Cd></Prtry></BkTxCd><NtryDtls><Btch><NbOfTxs>1</NbOfTxs></Btch><TxDtls><Amt Ccy="EUR">523</Amt></TxDtls></NtryDtls></Ntry><Ntry><NtryRef>REF000001777974</NtryRef><Amt Ccy="EUR">2.72</Amt><CdtDbtInd>DBIT</CdtDbtInd><AcctSvcrRef>REF000001784622</AcctSvcrRef><BkTxCd><Prtry><Cd>ATSISK</Cd></Prtry></BkTxCd><NtryDtls><Btch><NbOfTxs>1</NbOfTxs></Btch><TxDtls><Amt Ccy="EUR">2.72</Amt></TxDtls></NtryDtls></Ntry><Ntry><NtryRef>REF000001799407</NtryRef><Amt Ccy="EUR">2000</Amt><CdtDbtInd>DBIT</CdtDbtInd><AcctSvcrRef>REF000001809658</AcctSvcrRef><BkTxCd><Prtry><Cd>ATSISK</Cd></Prtry></BkTxCd><NtryDtls><Btch><NbOfTxs>1</NbOfTxs></Btch><TxDtls><Amt Ccy="EUR">2000</Amt></TxDtls></NtryDtls></Ntry></Stmt><Stmt><Id>MSG42148116-JIEYRC</Id><Acct><Id><Othr><Id>LT414319056143772570</Id></Othr></Id><Tp><Prtry>ATSSK2</Prtry></Tp><Ccy>EUR</Ccy><Ownr><Id><OrgId><AnyBIC>DEUTBEB4NDX</AnyBIC></OrgId></Id></Ownr></Acct><Bal><Tp><CdOrPrtry><Cd>OPBD</Cd></CdOrPrtry></Tp><Amt Ccy="EUR">4801.55</Amt><Dt><Dt>2024-03-22</Dt></Dt><Avlbty><Amt Ccy="EUR">4801.55</Amt></Avlbty></Bal><Bal><Tp><CdOrPrtry><Cd>CLBD</Cd></CdOrPrtry></Tp><Amt Ccy="EUR">2801.55</Amt><Dt><Dt>2024-03-22</Dt></Dt><Avlbty><Amt Ccy="EUR">2801.55</Amt></Avlbty></Bal><Ntry><NtryRef>REF000001818784</NtryRef><Amt Ccy="EUR">2000</Amt><CdtDbtInd>DBIT</CdtDbtInd><AcctSvcrRef>REF000001826434</AcctSvcrRef><BkTxCd><Prtry><Cd>ATSISK</Cd></Prtry></BkTxCd><NtryDtls><Btch><NbOfTxs>1</NbOfTxs></Btch><TxDtls><Amt Ccy="EUR">2000</Amt></TxDtls></NtryDtls></Ntry></Stmt></BkToCstmrStmt></Document>
