<?xml version='1.0' encoding='utf-8'?>
<Document xmlns="urn:iso:std:iso:20022:tech:xsd:camt.053.001.08"><BkToCstmrStmt><GrpHdr><MsgId>MSG85943600-MFLMRM</MsgId><CreDtTm>2024-07-04T19:47:17.931+03:00</CreDtTm><MsgPgntn><PgNb>2</PgNb><LastPgInd>true</LastPgInd></MsgPgntn><OrgnlBizQry><MsgId>MSG44366653-WXLUHI</MsgId></OrgnlBizQry></GrpHdr><Stmt><Id>MSG94719677-KQQRWW</Id><Acct><Id><Othr><Id>LT414319056143772570</Id></Othr></Id><Tp><Prtry>ATSSK2</Prtry></Tp><Ccy>EUR</Ccy><Ownr><Id><OrgId><AnyBIC>DEUTBEB4NDX</AnyBIC></OrgId></Id></Ownr></Acct><Bal><Tp><CdOrPrtry><Cd>OPBD</Cd></CdOrPrtry></Tp><Amt Ccy="EUR">801.55</Amt><Dt><Dt>2024-07-04</Dt></Dt><Avlbty><Amt Ccy="EUR">801.55</Amt></Avlbty></Bal><Bal><Tp><CdOrPrtry><Cd>CLBD</Cd></CdOrPrtry></Tp><Amt Ccy="EUR">801.55</Amt><Dt><Dt>2024-07-04</Dt></Dt><Avlbty><Amt Ccy="EUR">801.55</Amt></Avlbty></Bal></Stmt><Stmt><Id>MSG95074623-NEWKLA</Id><Acct><Id><Othr><Id>LT625883379695428516</Id></Othr></Id><Tp><Prtry>ATSISK</Prtry></Tp><Ccy>EUR</Ccy><Ownr><Id><OrgId><AnyBIC>DEUTBEB4NDX</AnyBIC></OrgId></Id></Ownr></Acct><Bal><Tp><CdOrPrtry><Cd>OPBD</Cd></CdOrPrtry></Tp><Amt Ccy="EUR">14392102.6</Amt><Dt><Dt>2024-07-04</Dt></Dt><Avlbty><Amt Ccy="EUR">14391102.6</Amt></Avlbty></Bal><Bal><Tp><CdOrPrtry><Cd>CLBD</Cd></CdOrPrtry></Tp><Amt Ccy="EUR">14441694.16</Amt><Dt><Dt>2024-07-04</Dt></Dt><Avlbty><Amt Ccy="EUR">14440694.16</Amt></Avlbty></Bal><Ntry><NtryRef>REF000013591558</NtryRef><Amt Ccy="EUR">156689.87</Amt><CdtDbtInd>DBIT</CdtDbtInd><AcctSvcrRef>REF000013603800</AcctSvcrRef><BkTxCd><Prtry><Cd>ATSISK</Cd></Prtry></BkTxCd><NtryDtls><Btch><NbOfTxs>2</NbOfTxs></Btch><TxDtls><Amt Ccy="EUR">156689.87</Amt></TxDtls></NtryDtls></Ntry><Ntry><NtryRef>REF000013619665</NtryRef><Amt Ccy="EUR">57497.47</Amt><CdtDbtInd>DBIT</CdtDbtInd><AcctSvcrRef>REF000013626020</AcctSvcrRef><BkTxCd><Prtry><Cd>ATSISK</Cd></Prtry></BkTxCd><NtryDtls><Btch><NbOfTxs>1</NbOfTxs></Btch><TxDtls><Amt Ccy="EUR">57497.47</Amt></TxDtls></NtryDtls></Ntry><Ntry><NtryRef>REF000013631092</NtryRef><Amt Ccy="EUR">1324552.34</Amt><CdtDbtInd>CRDT</CdtDbtInd><AcctSvcrRef>REF000013645239</AcctSvcrRef><BkTxCd><Prtry><Cd>ATSISK</Cd></Prtry></BkTxCd><NtryDtls><Btch><NbOfTxs>272</NbOfTxs></Btch><TxDtls><Amt Ccy="EUR">1324552.34</Amt></TxDtls></NtryDtls></Ntry><Ntry><NtryRef>REF000013658227</NtryRef><Amt Ccy="EUR">87619.7</Amt><CdtDbtInd>DBIT</CdtDbtInd><AcctSvcrRef>REF000013662605</AcctSvcrRef><BkTxCd><Prtry><Cd>ATSISK</Cd></Prtry></BkTxCd><NtryDtls><Btch><NbOfTxs>1</NbOfTxs></Btch><TxDtls><Amt Ccy="EUR">87619.7</Amt></TxDtls></NtryDtls></Ntry><Ntry><NtryRef>REF000013671734</NtryRef><Amt Ccy="EUR">208899.85</Amt><CdtDbtInd>DBIT</CdtDbtInd><AcctSvcrRef>REF000013689955</AcctSvcrRef><BkTxCd><Prtry><Cd>KLIRNG</Cd></Prtry></BkTxCd><NtryDtls><Btch><NbOfTxs>7</NbOfTxs></Btch><TxDtls><Amt Ccy="EUR">208899.85</Amt></TxDtls></NtryDtls></Ntry><Ntry><NtryRef>REF000013695235</NtryRef><Amt Ccy="EUR">87085</Amt><CdtDbtInd>DBIT</CdtDbtInd><AcctSvcrRef>REF000013708309</AcctSvcrRef><BkTxCd><Prtry><Cd>ATSISK</Cd></Prtry></BkTxCd><NtryDtls><Btch><NbOfTxs>4</NbOfTxs></Btch><TxDtls><Amt Ccy="EUR">87085</Amt></TxDtls></NtryDtls></Ntry><Ntry><NtryRef>REF000013719900</NtryRef><Amt Ccy="EUR">594707.51</Amt><CdtDbtInd>DBIT</CdtDbtInd><AcctSvcrRef>REF000013729124</AcctSvcrRef><BkTxCd><Prtry><Cd>ATSISK</Cd></Prtry></BkTxCd><NtryDtls><Btch><NbOfTxs>3</NbOfTxs></Btch><TxDtls><Amt Ccy="EUR">594707.51</Amt></TxDtls></NtryDtls></Ntry><Ntry><NtryRef>REF000013734704</NtryRef><Amt Ccy="EUR">4452</Amt><CdtDbtInd>DBIT</CdtDbtInd><AcctSvcrRef>REF000013744477</AcctSvcrRef><BkTxCd><Prtry><Cd>ATSISK</Cd></Prtry></BkTxCd><NtryDtls><Btch><NbOfTxs>1</NbOfTxs></Btch><TxDtls><Amt Ccy="EUR">4452</Amt></TxDtls></NtryDtls></Ntry><Ntry><NtryRef>REF000013751655</NtryRef><Amt Ccy="EUR">78009.38</Amt><CdtDbtInd>DBIT</CdtDbtInd><AcctSvcrRef>REF000013765284</AcctSvcrRef><BkTxCd><Prtry><Cd>ATSISK</Cd></Prtry></BkTxCd><NtryDtls><Btch><NbOfTxs>2</NbOfTxs></Btch><TxDtls><Amt Ccy="EUR">78009.38</Amt></TxDtls></NtryDtls></Ntry></Stmt></BkToCstmrStmt></Document>
