<?xml version='1.0' encoding='utf-8'?>
<Document xmlns="urn:iso:std:iso:20022:tech:xsd:camt.053.001.08"><BkToCstmrStmt><GrpHdr><MsgId>MSG85943600-MFLMRM</MsgId><CreDtTm>2024-06-14T19:47:20.527+03:00</CreDtTm><MsgPgntn><PgNb>2</PgNb><LastPgInd>true</LastPgInd></MsgPgntn><OrgnlBizQry><MsgId>MSG38513473-GJLZXV</MsgId></OrgnlBizQry></GrpHdr><Stmt><Id>MSG44329525-PDNCXO</Id><Acct><Id><Othr><Id>LT625883379695428516</Id></Othr></Id><Tp><Prtry>ATSISK</Prtry></Tp><Ccy>EUR</Ccy><Ownr><Id><OrgId><AnyBIC>DEUTBEB4NDX</AnyBIC></OrgId></Id></Ownr></Acct><Bal><Tp><CdOrPrtry><Cd>OPBD</Cd></CdOrPrtry></Tp><Amt Ccy="EUR">18885260.41</Amt><Dt><Dt>2024-06-14</Dt></Dt><Avlbty><Amt Ccy="EUR">18884260.41</Amt></Avlbty></Bal><Bal><Tp><CdOrPrtry><Cd>CLBD</Cd></CdOrPrtry></Tp><Amt Ccy="EUR">19512316.86</Amt><Dt><Dt>2024-06-14</Dt></Dt><Avlbty><Amt Ccy="EUR">19511316.86</Amt></Avlbty></Bal><Ntry><NtryRef>REF000011219665</NtryRef><Amt Ccy="EUR">47570.22</Amt><CdtDbtInd>DBIT</CdtDbtInd><AcctSvcrRef>REF000011226020</AcctSvcrRef><BkTxCd><Prtry><Cd>ATSISK</Cd></Prtry></BkTxCd><NtryDtls><Btch><NbOfTxs>1</NbOfTxs></Btch><TxDtls><Amt Ccy="EUR">47570.22</Amt></TxDtls></NtryDtls></Ntry><Ntry><NtryRef>REF000011231092</NtryRef><Amt Ccy="EUR">1030237.23</Amt><CdtDbtInd>CRDT</CdtDbtInd><AcctSvcrRef>REF000011245239</AcctSvcrRef><BkTxCd><Prtry><Cd>ATSISK</Cd></Prtry></BkTxCd><NtryDtls><Btch><NbOfTxs>147</NbOfTxs></Btch><TxDtls><Amt Ccy="EUR">1030237.23</Amt></TxDtls></NtryDtls></Ntry><Ntry><NtryRef>REF000011252539</NtryRef><Amt Ccy="EUR">2</Amt><CdtDbtInd>CRDT</CdtDbtInd><AcctSvcrRef>REF000011264837</AcctSvcrRef><BkTxCd><Prtry><Cd>ATSISK</Cd></Prtry></BkTxCd><NtryDtls><Btch><NbOfTxs>1</NbOfTxs></Btch><TxDtls><Amt Ccy="EUR">2</Amt></TxDtls></NtryDtls></Ntry><Ntry><NtryRef>REF000011271331</NtryRef><Amt Ccy="EUR">13276</Amt><CdtDbtInd>DBIT</CdtDbtInd><AcctSvcrRef>REF000011281748</AcctSvcrRef><BkTxCd><Prtry><Cd>ATSISK</Cd></Prtry></BkTxCd><NtryDtls><Btch><NbOfTxs>1</NbOfTxs></Btch><TxDtls><Amt Ccy="EUR">13276</Amt></TxDtls></NtryDtls></Ntry><Ntry><NtryRef>REF000011291734</NtryRef><Amt Ccy="EUR">333479.76</Amt><CdtDbtInd>DBIT</CdtDbtInd><AcctSvcrRef>REF000011309955</AcctSvcrRef><BkTxCd><Prtry><Cd>KLIRNG</Cd></Prtry></BkTxCd><NtryDtls><Btch><NbOfTxs>7</NbOfTxs></Btch><TxDtls><Amt Ccy="EUR">333479.76</Amt></TxDtls></NtryDtls></Ntry><Ntry><NtryRef>REF000011315235</NtryRef><Amt Ccy="EUR">8856.8</Amt><CdtDbtInd>DBIT</CdtDbtInd><AcctSvcrRef>REF000011328309</AcctSvcrRef><BkTxCd><Prtry><Cd>ATSISK</Cd></Prtry></BkTxCd><NtryDtls><Btch><NbOfTxs>1</NbOfTxs></Btch><TxDtls><Amt Ccy="EUR">8856.8</Amt></TxDtls></NtryDtls></Ntry></Stmt><Stmt><Id>MSG27208712-LBBTDJ</Id><Acct><Id><Othr><Id>LT414319056143772570</Id></Othr></Id><Tp><Prtry>ATSSK2</Prtry></Tp><Ccy>EUR</Ccy><Ownr><Id><OrgId><AnyBIC>DEUTBEB4NDX</AnyBIC></OrgId></Id></Ownr></Acct><Bal><Tp><CdOrPrtry><Cd>OPBD</Cd></CdOrPrtry></Tp><Amt Ccy="EUR">801.55</Amt><Dt><Dt>2024-06-14</Dt></Dt><Avlbty><Amt Ccy="EUR">801.55</Amt></Avlbty></Bal><Bal><Tp><CdOrPrtry><Cd>CLBD</Cd></CdOrPrtry></Tp><Amt Ccy="EUR">801.55</Amt><Dt><Dt>2024-06-14</Dt></Dt><Avlbty><Amt Ccy="EUR">801.55</Amt></Avlbty></Bal></Stmt></BkToCstmrStmt></Document>
