<?xml version='1.0' encoding='utf-8'?>
<Document xmlns="urn:iso:std:iso:20022:tech:xsd:camt.053.001.08"><BkToCstmrStmt><GrpHdr><MsgId>MSG85943600-MFLMRM</MsgId><CreDtTm>2024-04-22T19:47:21.282+03:00</CreDtTm><MsgPgntn><PgNb>2</PgNb><LastPgInd>true</LastPgInd></MsgPgntn><OrgnlBizQry><MsgId>MSG51432249-OFHYUY</MsgId></OrgnlBizQry></GrpHdr><Stmt><Id>MSG74871901-WXGIGM</Id><Acct><Id><Othr><Id>LT625883379695428516</Id></Othr></Id><Tp><Prtry>ATSISK</Prtry></Tp><Ccy>EUR</Ccy><Ownr><Id><OrgId><AnyBIC>DEUTBEB4NDX</AnyBIC></OrgId></Id></Ownr></Acct><Bal><Tp><CdOrPrtry><Cd>OPBD</Cd></CdOrPrtry></Tp><Amt Ccy="EUR">20073668.35</Amt><Dt><Dt>2024-04-22</Dt></Dt><Avlbty><Amt Ccy="EUR">20072668.35</Amt></Avlbty></Bal><Bal><Tp><CdOrPrtry><Cd>CLBD</Cd></CdOrPrtry></Tp><Amt Ccy="EUR">17615410.35</Amt><Dt><Dt>2024-04-22</Dt></Dt><Avlbty><Amt Ccy="EUR">17614410.35</Amt></Avlbty></Bal><Ntry><NtryRef>REF000004711558</NtryRef><Amt Ccy="EUR">55413.8</Amt><CdtDbtInd>DBIT</CdtDbtInd><AcctSvcrRef>REF000004723800</AcctSvcrRef><BkTxCd><Prtry><Cd>ATSISK</Cd></Prtry></BkTxCd><NtryDtls><Btch><NbOfTxs>1</NbOfTxs></Btch><TxDtls><Amt Ccy="EUR">55413.8</Amt></TxDtls></NtryDtls></Ntry><Ntry><NtryRef>REF000004739665</NtryRef><Amt Ccy="EUR">7</Amt><CdtDbtInd>CRDT</CdtDbtInd><AcctSvcrRef>REF000004746020</AcctSvcrRef><BkTxCd><Prtry><Cd>ATSISK</Cd></Prtry></BkTxCd><NtryDtls><Btch><NbOfTxs>1</NbOfTxs></Btch><TxDtls><Amt Ccy="EUR">7</Amt></TxDtls></NtryDtls></Ntry><Ntry><NtryRef>REF000004759665</NtryRef><Amt Ccy="EUR">124166.12</Amt><CdtDbtInd>DBIT</CdtDbtInd><AcctSvcrRef>REF000004766020</AcctSvcrRef><BkTxCd><Prtry><Cd>ATSISK</Cd></Prtry></BkTxCd><NtryDtls><Btch><NbOfTxs>3</NbOfTxs></Btch><TxDtls><Amt Ccy="EUR">124166.12</Amt></TxDtls></NtryDtls></Ntry><Ntry><NtryRef>REF000004771092</NtryRef><Amt Ccy="EUR">1529069.88</Amt><CdtDbtInd>CRDT</CdtDbtInd><AcctSvcrRef>REF000004785239</AcctSvcrRef><BkTxCd><Prtry><Cd>ATSISK</Cd></Prtry></BkTxCd><NtryDtls><Btch><NbOfTxs>155</NbOfTxs></Btch><TxDtls><Amt Ccy="EUR">1529069.88</Amt></TxDtls></NtryDtls></Ntry><Ntry><NtryRef>REF000004791331</NtryRef><Amt Ccy="EUR">27000</Amt><CdtDbtInd>DBIT</CdtDbtInd><AcctSvcrRef>REF000004801748</AcctSvcrRef><BkTxCd><Prtry><Cd>ATSISK</Cd></Prtry></BkTxCd><NtryDtls><Btch><NbOfTxs>1</NbOfTxs></Btch><TxDtls><Amt Ccy="EUR">27000</Amt></TxDtls></NtryDtls></Ntry><Ntry><NtryRef>REF000004811734</NtryRef><Amt Ccy="EUR">2142338.01</Amt><CdtDbtInd>DBIT</CdtDbtInd><AcctSvcrRef>REF000004829955</AcctSvcrRef><BkTxCd><Prtry><Cd>KLIRNG</Cd></Prtry></BkTxCd><NtryDtls><Btch><NbOfTxs>8</NbOfTxs></Btch><TxDtls><Amt Ccy="EUR">2142338.01</Amt></TxDtls></NtryDtls></Ntry><Ntry><NtryRef>REF000004835235</NtryRef><Amt Ccy="EUR">1203498.84</Amt><CdtDbtInd>DBIT</CdtDbtInd><AcctSvcrRef>REF000004848309</AcctSvcrRef><BkTxCd><Prtry><Cd>ATSISK</Cd></Prtry></BkTxCd><NtryDtls><Btch><NbOfTxs>7</NbOfTxs></Btch><TxDtls><Amt Ccy="EUR">1203498.84</Amt></TxDtls></NtryDtls></Ntry><Ntry><NtryRef>REF000004854815</NtryRef><Amt Ccy="EUR">68526.96</Amt><CdtDbtInd>DBIT</CdtDbtInd><AcctSvcrRef>REF000004862595</AcctSvcrRef><BkTxCd><Prtry><Cd>ATSISK</Cd></Prtry></BkTxCd><NtryDtls><Btch><NbOfTxs>1</NbOfTxs></Btch><TxDtls><Amt Ccy="EUR">68526.96</Amt></TxDtls></NtryDtls></Ntry><Ntry><NtryRef>REF000004879900</NtryRef><Amt Ccy="EUR">247060.15</Amt><CdtDbtInd>DBIT</CdtDbtInd><AcctSvcrRef>REF000004889124</AcctSvcrRef><BkTxCd><Prtry><Cd>ATSISK</Cd></Prtry></BkTxCd><NtryDtls><Btch><NbOfTxs>3</NbOfTxs></Btch><TxDtls><Amt Ccy="EUR">247060.15</Amt></TxDtls></NtryDtls></Ntry><Ntry><NtryRef>REF000004896776</NtryRef><Amt Ccy="EUR">150</Amt><CdtDbtInd>CRDT</CdtDbtInd><AcctSvcrRef>REF000004904080</AcctSvcrRef><BkTxCd><Prtry><Cd>ATSISK</Cd></Prtry></BkTxCd><NtryDtls><Btch><NbOfTxs>1</NbOfTxs></Btch><TxDtls><Amt Ccy="EUR">150</Amt></TxDtls></NtryDtls></Ntry><Ntry><NtryRef>REF000004917422</NtryRef><Amt Ccy="EUR">1000</Amt><CdtDbtInd>CRDT</CdtDbtInd><AcctSvcrRef>REF000004922604</AcctSvcrRef><BkTxCd><Prtry><Cd>ATSISK</Cd></Prtry></BkTxCd><NtryDtls><Btch><NbOfTxs>1</NbOfTxs></Btch><TxDtls><Amt Ccy="EUR">1000</Amt></TxDtls></NtryDtls></Ntry><Ntry><NtryRef>REF000004938113</NtryRef><Amt Ccy="EUR">143226</Amt><CdtDbtInd>DBIT</CdtDbtInd><AcctSvcrRef>REF000004949931</AcctSvcrRef><BkTxCd><Prtry><Cd>ATSISK</Cd></Prtry></BkTxCd><NtryDtls><Btch><NbOfTxs>2</NbOfTxs></Btch><TxDtls><Amt Ccy="EUR">143226</Amt></TxDtls></NtryDtls></Ntry><Ntry><NtryRef>REF000004956052</NtryRef><Amt Ccy="EUR">22745</Amt><CdtDbtInd>CRDT</CdtDbtInd><AcctSvcrRef>REF000004963333</AcctSvcrRef><BkTxCd><Prtry><Cd>ATSISK</Cd></Prtry></BkTxCd><NtryDtls><Btch><NbOfTxs>1</NbOfTxs></Btch><TxDtls><Amt Ccy="EUR">22745</Amt></TxDtls></NtryDtls></Ntry></Stmt><Stmt><Id>MSG51643221-AWUGFZ</Id><Acct><Id><Othr><Id>LT414319056143772570</Id></Othr></Id><Tp><Prtry>ATSSK2</Prtry></Tp><Ccy>EUR</Ccy><Ownr><Id><OrgId><AnyBIC>DEUTBEB4NDX</AnyBIC></OrgId></Id></Ownr></Acct><Bal><Tp><CdOrPrtry><Cd>OPBD</Cd></CdOrPrtry></Tp><Amt Ccy="EUR">2801.55</Amt><Dt><Dt>2024-04-22</Dt></Dt><Avlbty><Amt Ccy="EUR">2801.55</Amt></Avlbty></Bal><Bal><Tp><CdOrPrtry><Cd>CLBD</Cd></CdOrPrtry></Tp><Amt Ccy="EUR">801.55</Amt><Dt><Dt>2024-04-22</Dt></Dt><Avlbty><Amt Ccy="EUR">801.55</Amt></Avlbty></Bal><Ntry><NtryRef>REF000004978784</NtryRef><Amt Ccy="EUR">2000</Amt><CdtDbtInd>DBIT</CdtDbtInd><AcctSvcrRef>REF000004986434</AcctSvcrRef><BkTxCd><Prtry><Cd>ATSISK</Cd></Prtry></BkTxCd><NtryDtls><Btch><NbOfTxs>1</NbOfTxs></Btch><TxDtls><Amt Ccy="EUR">2000</Amt></TxDtls></NtryDtls></Ntry></Stmt></BkToCstmrStmt></Document>
