<?xml version='1.0' encoding='utf-8'?>
<Document xmlns="urn:iso:std:iso:20022:tech:xsd:camt.053.001.08"><BkToCstmrStmt><GrpHdr><MsgId>MSG85943600-MFLMRM</MsgId><CreDtTm>2024-04-03T19:46:31.225+03:00</CreDtTm><MsgPgntn><PgNb>2</PgNb><LastPgInd>true</LastPgInd></MsgPgntn><OrgnlBizQry><MsgId>MSG96727920-VXISNK</MsgId></OrgnlBizQry></GrpHdr><Stmt><Id>MSG85093864-KGIWDI</Id><Acct><Id><Othr><Id>LT625883379695428516</Id></Othr></Id><Tp><Prtry>ATSISK</Prtry></Tp><Ccy>EUR</Ccy><Ownr><Id><OrgId><AnyBIC>DEUTBEB4NDX</AnyBIC></OrgId></Id></Ownr></Acct><Bal><Tp><CdOrPrtry><Cd>OPBD</Cd></CdOrPrtry></Tp><Amt Ccy="EUR">18083042.49</Amt><Dt><Dt>2024-04-03</Dt></Dt><Avlbty><Amt Ccy="EUR">18082042.49</Amt></Avlbty></Bal><Bal><Tp><CdOrPrtry><Cd>CLBD</Cd></CdOrPrtry></Tp><Amt Ccy="EUR">20898300.49</Amt><Dt><Dt>2024-04-03</Dt></Dt><Avlbty><Amt Ccy="EUR">20897300.49</Amt></Avlbty></Bal><Ntry><NtryRef>REF000002771558</NtryRef><Amt Ccy="EUR">318525</Amt><CdtDbtInd>DBIT</CdtDbtInd><AcctSvcrRef>REF000002783800</AcctSvcrRef><BkTxCd><Prtry><Cd>ATSISK</Cd></Prtry></BkTxCd><NtryDtls><Btch><NbOfTxs>2</NbOfTxs></Btch><TxDtls><Amt Ccy="EUR">318525</Amt></TxDtls></NtryDtls></Ntry><Ntry><NtryRef>REF000002797264</NtryRef><Amt Ccy="EUR">15</Amt><CdtDbtInd>CRDT</CdtDbtInd><AcctSvcrRef>REF000002806646</AcctSvcrRef><BkTxCd><Prtry><Cd>ATSISK</Cd></Prtry></BkTxCd><NtryDtls><Btch><NbOfTxs>1</NbOfTxs></Btch><TxDtls><Amt Ccy="EUR">15</Amt></TxDtls></NtryDtls></Ntry><Ntry><NtryRef>REF000002811092</NtryRef><Amt Ccy="EUR">3720712.45</Amt><CdtDbtInd>CRDT</CdtDbtInd><AcctSvcrRef>REF000002825239</AcctSvcrRef><BkTxCd><Prtry><Cd>ATSISK</Cd></Prtry></BkTxCd><NtryDtls><Btch><NbOfTxs>260</NbOfTxs></Btch><TxDtls><Amt Ccy="EUR">3720712.45</Amt></TxDtls></NtryDtls></Ntry><Ntry><NtryRef>REF000002838227</NtryRef><Amt Ccy="EUR">15710.7</Amt><CdtDbtInd>CRDT</CdtDbtInd><AcctSvcrRef>REF000002842605</AcctSvcrRef><BkTxCd><Prtry><Cd>ATSISK</Cd></Prtry></BkTxCd><NtryDtls><Btch><NbOfTxs>2</NbOfTxs></Btch><TxDtls><Amt Ccy="EUR">15710.7</Amt></TxDtls></NtryDtls></Ntry><Ntry><NtryRef>REF000002851734</NtryRef><Amt Ccy="EUR">586798.53</Amt><CdtDbtInd>DBIT</CdtDbtInd><AcctSvcrRef>REF000002869955</AcctSvcrRef><BkTxCd><Prtry><Cd>KLIRNG</Cd></Prtry></BkTxCd><NtryDtls><Btch><NbOfTxs>6</NbOfTxs></Btch><TxDtls><Amt Ccy="EUR">586798.53</Amt></TxDtls></NtryDtls></Ntry><Ntry><NtryRef>REF000002879683</NtryRef><Amt Ccy="EUR">2500</Amt><CdtDbtInd>DBIT</CdtDbtInd><AcctSvcrRef>REF000002888629</AcctSvcrRef><BkTxCd><Prtry><Cd>ATSISK</Cd></Prtry></BkTxCd><NtryDtls><Btch><NbOfTxs>1</NbOfTxs></Btch><TxDtls><Amt Ccy="EUR">2500</Amt></TxDtls></NtryDtls></Ntry><Ntry><NtryRef>REF000002894704</NtryRef><Amt Ccy="EUR">399.46</Amt><CdtDbtInd>CRDT</CdtDbtInd><AcctSvcrRef>REF000002904477</AcctSvcrRef><BkTxCd><Prtry><Cd>ATSISK</Cd></Prtry></BkTxCd><NtryDtls><Btch><NbOfTxs>2</NbOfTxs></Btch><TxDtls><Amt Ccy="EUR">399.46</Amt></TxDtls></NtryDtls></Ntry><Ntry><NtryRef>REF000002914704</NtryRef><Amt Ccy="EUR">13756.08</Amt><CdtDbtInd>DBIT</CdtDbtInd><AcctSvcrRef>REF000002924477</AcctSvcrRef><BkTxCd><Prtry><Cd>ATSISK</Cd></Prtry></BkTxCd><NtryDtls><Btch><NbOfTxs>1</NbOfTxs></Btch><TxDtls><Amt Ccy="EUR">13756.08</Amt></TxDtls></NtryDtls></Ntry></Stmt><Stmt><Id>MSG90458893-WBTIID</Id><Acct><Id><Othr><Id>LT414319056143772570</Id></Othr></Id><Tp><Prtry>ATSSK2</Prtry></Tp><Ccy>EUR</Ccy><Ownr><Id><OrgId><AnyBIC>DEUTBEB4NDX</AnyBIC></OrgId></Id></Ownr></Acct><Bal><Tp><CdOrPrtry><Cd>OPBD</Cd></CdOrPrtry></Tp><Amt Ccy="EUR">2801.55</Amt><Dt><Dt>2024-04-03</Dt></Dt><Avlbty><Amt Ccy="EUR">2801.55</Amt></Avlbty></Bal><Bal><Tp><CdOrPrtry><Cd>CLBD</Cd></CdOrPrtry></Tp><Amt Ccy="EUR">2801.55</Amt><Dt><Dt>2024-04-03</Dt></Dt><Avlbty><Amt Ccy="EUR">2801.55</Amt></Avlbty></Bal></Stmt></BkToCstmrStmt></Document>
