<?xml version='1.0' encoding='utf-8'?>
<Document xmlns="urn:iso:std:iso:20022:tech:xsd:camt.053.001.08"><BkToCstmrStmt><GrpHdr><MsgId>MSG85943600-MFLMRM</MsgId><CreDtTm>2024-08-05T19:48:32.410+03:00</CreDtTm><MsgPgntn><PgNb>2</PgNb><LastPgInd>true</LastPgInd></MsgPgntn><OrgnlBizQry><MsgId>MSG92700255-KNIDOP</MsgId></OrgnlBizQry></GrpHdr><Stmt><Id>MSG97426668-ZWNUQE</Id><Acct><Id><Othr><Id>LT414319056143772570</Id></Othr></Id><Tp><Prtry>ATSSK2</Prtry></Tp><Ccy>EUR</Ccy><Ownr><Id><OrgId><AnyBIC>DEUTBEB4NDX</AnyBIC></OrgId></Id></Ownr></Acct><Bal><Tp><CdOrPrtry><Cd>OPBD</Cd></CdOrPrtry></Tp><Amt Ccy="EUR">801.55</Amt><Dt><Dt>2024-08-05</Dt></Dt><Avlbty><Amt Ccy="EUR">801.55</Amt></Avlbty></Bal><Bal><Tp><CdOrPrtry><Cd>CLBD</Cd></CdOrPrtry></Tp><Amt Ccy="EUR">801.55</Amt><Dt><Dt>2024-08-05</Dt></Dt><Avlbty><Amt Ccy="EUR">801.55</Amt></Avlbty></Bal></Stmt><Stmt><Id>MSG14506246-ZCLXUW</Id><Acct><Id><Othr><Id>LT625883379695428516</Id></Othr></Id><Tp><Prtry>ATSISK</Prtry></Tp><Ccy>EUR</Ccy><Ownr><Id><OrgId><AnyBIC>DEUTBEB4NDX</AnyBIC></OrgId></Id></Ownr></Acct><Bal><Tp><CdOrPrtry><Cd>OPBD</Cd></CdOrPrtry></Tp><Amt Ccy="EUR">19046531.74</Amt><Dt><Dt>2024-08-05</Dt></Dt><Avlbty><Amt Ccy="EUR">19045531.74</Amt></Avlbty></Bal><Bal><Tp><CdOrPrtry><Cd>CLBD</Cd></CdOrPrtry></Tp><Amt Ccy="EUR">18098740.47</Amt><Dt><Dt>2024-08-05</Dt></Dt><Avlbty><Amt Ccy="EUR">18097740.47</Amt></Avlbty></Bal><Ntry><NtryRef>REF000016891558</NtryRef><Amt Ccy="EUR">8365</Amt><CdtDbtInd>DBIT</CdtDbtInd><AcctSvcrRef>REF000016903800</AcctSvcrRef><BkTxCd><Prtry><Cd>ATSISK</Cd></Prtry></BkTxCd><NtryDtls><Btch><NbOfTxs>1</NbOfTxs></Btch><TxDtls><Amt Ccy="EUR">8365</Amt></TxDtls></NtryDtls></Ntry><Ntry><NtryRef>REF000016919665</NtryRef><Amt Ccy="EUR">21339</Amt><CdtDbtInd>CRDT</CdtDbtInd><AcctSvcrRef>REF000016926020</AcctSvcrRef><BkTxCd><Prtry><Cd>ATSISK</Cd></Prtry></BkTxCd><NtryDtls><Btch><NbOfTxs>1</NbOfTxs></Btch><TxDtls><Amt Ccy="EUR">21339</Amt></TxDtls></NtryDtls></Ntry><Ntry><NtryRef>REF000016939665</NtryRef><Amt Ccy="EUR">21339</Amt><CdtDbtInd>DBIT</CdtDbtInd><AcctSvcrRef>REF000016946020</AcctSvcrRef><BkTxCd><Prtry><Cd>ATSISK</Cd></Prtry></BkTxCd><NtryDtls><Btch><NbOfTxs>1</NbOfTxs></Btch><TxDtls><Amt Ccy="EUR">21339</Amt></TxDtls></NtryDtls></Ntry><Ntry><NtryRef>REF000016951092</NtryRef><Amt Ccy="EUR">554401.26</Amt><CdtDbtInd>CRDT</CdtDbtInd><AcctSvcrRef>REF000016965239</AcctSvcrRef><BkTxCd><Prtry><Cd>ATSISK</Cd></Prtry></BkTxCd><NtryDtls><Btch><NbOfTxs>458</NbOfTxs></Btch><TxDtls><Amt Ccy="EUR">554401.26</Amt></TxDtls></NtryDtls></Ntry><Ntry><NtryRef>REF000016971331</NtryRef><Amt Ccy="EUR">87</Amt><CdtDbtInd>DBIT</CdtDbtInd><AcctSvcrRef>REF000016981748</AcctSvcrRef><BkTxCd><Prtry><Cd>ATSISK</Cd></Prtry></BkTxCd><NtryDtls><Btch><NbOfTxs>1</NbOfTxs></Btch><TxDtls><Amt Ccy="EUR">87</Amt></TxDtls></NtryDtls></Ntry><Ntry><NtryRef>REF000016991734</NtryRef><Amt Ccy="EUR">363574.51</Amt><CdtDbtInd>DBIT</CdtDbtInd><AcctSvcrRef>REF000017009955</AcctSvcrRef><BkTxCd><Prtry><Cd>KLIRNG</Cd></Prtry></BkTxCd><NtryDtls><Btch><NbOfTxs>7</NbOfTxs></Btch><TxDtls><Amt Ccy="EUR">363574.51</Amt></TxDtls></NtryDtls></Ntry><Ntry><NtryRef>REF000017015235</NtryRef><Amt Ccy="EUR">942654</Amt><CdtDbtInd>DBIT</CdtDbtInd><AcctSvcrRef>REF000017028309</AcctSvcrRef><BkTxCd><Prtry><Cd>ATSISK</Cd></Prtry></BkTxCd><NtryDtls><Btch><NbOfTxs>10</NbOfTxs></Btch><TxDtls><Amt Ccy="EUR">942654</Amt></TxDtls></NtryDtls></Ntry><Ntry><NtryRef>REF000017039900</NtryRef><Amt Ccy="EUR">165273</Amt><CdtDbtInd>DBIT</CdtDbtInd><AcctSvcrRef>REF000017049124</AcctSvcrRef><BkTxCd><Prtry><Cd>ATSISK</Cd></Prtry></BkTxCd><NtryDtls><Btch><NbOfTxs>6</NbOfTxs></Btch><TxDtls><Amt Ccy="EUR">165273</Amt></TxDtls></NtryDtls></Ntry><Ntry><NtryRef>REF000017054704</NtryRef><Amt Ccy="EUR">21713</Amt><CdtDbtInd>DBIT</CdtDbtInd><AcctSvcrRef>REF000017064477</AcctSvcrRef><BkTxCd><Prtry><Cd>ATSISK</Cd></Prtry></BkTxCd><NtryDtls><Btch><NbOfTxs>2</NbOfTxs></Btch><TxDtls><Amt Ccy="EUR">21713</Amt></TxDtls></NtryDtls></Ntry><Ntry><NtryRef>REF000017071655</NtryRef><Amt Ccy="EUR">526.02</Amt><CdtDbtInd>DBIT</CdtDbtInd><AcctSvcrRef>REF000017085284</AcctSvcrRef><BkTxCd><Prtry><Cd>ATSISK</Cd></Prtry></BkTxCd><NtryDtls><Btch><NbOfTxs>5</NbOfTxs></Btch><TxDtls><Amt Ccy="EUR">526.02</Amt></TxDtls></NtryDtls></Ntry></Stmt></BkToCstmrStmt></Document>
