<?xml version='1.0' encoding='utf-8'?>
<Document xmlns="urn:iso:std:iso:20022:tech:xsd:camt.053.001.02">
  <BkToCstmrStmt>
    <GrpHdr>
      <MsgId>MSG35678114-YVTIVO</MsgId>
      <CreDtTm>2024-10-24T16:42:13.352Z</CreDtTm>
      <MsgPgntn>
        <PgNb>1</PgNb>
        <LastPgInd>true</LastPgInd>
      </MsgPgntn>
    </GrpHdr>
    <Stmt>
      <Id>MSG43831462-XICUEK</Id>
      <CreDtTm>2024-10-24T16:42:13.352Z</CreDtTm>
      <FrToDt>
        <FrDtTm>2024-03-01T00:00:00.000Z</FrDtTm>
        <ToDtTm>2024-10-01T23:59:59.000Z</ToDtTm>
      </FrToDt>
      <Acct>
        <Id>
          <IBAN>BE86463768548050</IBAN>
        </Id>
        <Ownr>
          <Nm>Sigma Solutions</Nm>
        </Ownr>
        <Svcr>
          <FinInstnId>
            <BIC>DEUTBEB4NDX</BIC>
          </FinInstnId>
        </Svcr>
      </Acct>
      <Bal>
        <Tp>
          <CdOrPrtry>
            <Cd>OPBD</Cd>
          </CdOrPrtry>
        </Tp>
        <Amt Ccy="EUR">0</Amt>
        <CdtDbtInd>CRDT</CdtDbtInd>
        <Dt>
          <Dt>2024-03-01</Dt>
        </Dt>
      </Bal>
      <Bal>
        <Tp>
          <CdOrPrtry>
            <Cd>CLBD</Cd>
          </CdOrPrtry>
        </Tp>
        <Amt Ccy="EUR">0</Amt>
        <CdtDbtInd>CRDT</CdtDbtInd>
        <Dt>
          <Dt>2024-10-01</Dt>
        </Dt>
      </Bal>
      <Ntry>
        <Amt Ccy="EUR">789903.41</Amt>
        <CdtDbtInd>DBIT</CdtDbtInd>
        <Sts>BOOK</Sts>
        <BookgDt>
          <Dt>2024-05-23</Dt>
        </BookgDt>
        <BkTxCd>
          <Domn>
            <Cd>PMNT</Cd>
            <Fmly>
              <Cd>ICDT</Cd>
              <SubFmlyCd>ESCT</SubFmlyCd>
            </Fmly>
          </Domn>
        </BkTxCd>
        <NtryDtls>
          <TxDtls>
            <Refs>
              <InstrId>NOTPROVIDED</InstrId>
              <EndToEndId>E2EXRUHYXKX58020423</EndToEndId>
              <TxId>390176</TxId>
            </Refs>
            <AmtDtls>
              <TxAmt>
                <Amt Ccy="EUR">789903.41</Amt>
              </TxAmt>
            </AmtDtls>
            <RltdPties>
              <Dbtr>
                <Nm>Sigma Solutions</Nm>
              </Dbtr>
              <DbtrAcct>
                <Id>
                  <IBAN>BE86463768548050</IBAN>
                </Id>
              </DbtrAcct>
              <Cdtr>
                <Nm>Sigma Solutions</Nm>
              </Cdtr>
              <CdtrAcct>
                <Id>
                  <IBAN>FR9124517777178627245130470</IBAN>
                </Id>
              </CdtrAcct>
            </RltdPties>
            <RltdAgts>
              <DbtrAgt>
                <FinInstnId>
                  <BIC>DEUTBEB4NDX</BIC>
                  <Nm>Delta Corp</Nm>
                </FinInstnId>
              </DbtrAgt>
              <CdtrAgt>
                <FinInstnId>
                  <BIC>GEBAFRZ1XAW</BIC>
                  <Nm>Vertex SA</Nm>
                </FinInstnId>
              </CdtrAgt>
            </RltdAgts>
            <RmtInf>
              <Ustrd>NOTPROVIDED</Ustrd>
            </RmtInf>
          </TxDtls>
        </NtryDtls>
      </Ntry>
      <Ntry>
        <Amt Ccy="EUR">0.99</Amt>
        <CdtDbtInd>DBIT</CdtDbtInd>
        <Sts>BOOK</Sts>
        <BookgDt>
          <Dt>2024-05-23</Dt>
        </BookgDt>
        <BkTxCd>
          <Domn>
            <Cd>PMNT</Cd>
            <Fmly>
              <Cd>ICDT</Cd>
              <SubFmlyCd>ISCT</SubFmlyCd>
            </Fmly>
          </Domn>
        </BkTxCd>
        <NtryDtls>
          <TxDtls>
            <Refs>
              <InstrId>NOTPROVIDED</InstrId>
              <EndToEndId>E2EPPXJNWYI50546873</EndToEndId>
              <TxId>326515</TxId>
            </Refs>
            <AmtDtls>
              <TxAmt>
                <Amt Ccy="EUR">0.99</Amt>
              </TxAmt>
            </AmtDtls>
            <RltdPties>
              <Dbtr>
                <Nm>Sigma Solutions</Nm>
              </Dbtr>
              <DbtrAcct>
                <Id>
                  <IBAN>BE86463768548050</IBAN>
                </Id>
              </DbtrAcct>
              <Cdtr>
                <Nm>Nova Ltd</Nm>
              </Cdtr>
              <CdtrAcct>
                <Id>
                  <IBAN>BE40933730571463</IBAN>
                </Id>
              </CdtrAcct>
            </RltdPties>
            <RltdAgts>
              <DbtrAgt>
                <FinInstnId>
                  <BIC>DEUTBEB4NDX</BIC>
                  <Nm>Delta Corp</Nm>
                </FinInstnId>
              </DbtrAgt>
              <CdtrAgt>
                <FinInstnId>
                  <BIC>DEUTBEB4NDX</BIC>
                  <Nm>Delta Corp</Nm>
                </FinInstnId>
              </CdtrAgt>
            </RltdAgts>
            <RmtInf>
              <Ustrd>NOTPROVIDED</Ustrd>
            </RmtInf>
          </TxDtls>
        </NtryDtls>
      </Ntry>
      <Ntry>
        <Amt Ccy="EUR">789904.4</Amt>
        <CdtDbtInd>CRDT</CdtDbtInd>
        <Sts>BOOK</Sts>
        <BookgDt>
          <Dt>2024-05-23</Dt>
        </BookgDt>
        <BkTxCd>
          <Domn>
            <Cd>PMNT</Cd>
            <Fmly>
              <Cd>RCDT</Cd>
              <SubFmlyCd>ISCT</SubFmlyCd>
            </Fmly>
          </Domn>
        </BkTxCd>
        <NtryDtls>
          <TxDtls>
            <Refs>
              <InstrId>NOTPROVIDED</InstrId>
              <EndToEndId>E2EAIQSQMYP21018099</EndToEndId>
              <TxId>618674</TxId>
            </Refs>
            <AmtDtls>
              <TxAmt>
                <Amt Ccy="EUR">789904.4</Amt>
              </TxAmt>
            </AmtDtls>
            <RltdPties>
              <Dbtr>
                <Nm>Theta Solutions</Nm>
              </Dbtr>
              <DbtrAcct>
                <Id>
                  <IBAN>BE40933730571463</IBAN>
                </Id>
              </DbtrAcct>
              <Cdtr>
                <Nm>Omega GmbH</Nm>
              </Cdtr>
              <CdtrAcct>
                <Id>
                  <IBAN>BE86463768548050</IBAN>
                </Id>
              </CdtrAcct>
            </RltdPties>
            <RltdAgts>
              <DbtrAgt>
                <FinInstnId>
                  <BIC>DEUTBEB4NDX</BIC>
                  <Nm>Delta Corp</Nm>
                </FinInstnId>
              </DbtrAgt>
              <CdtrAgt>
                <FinInstnId>
                  <BIC>DEUTBEB4NDX</BIC>
                  <Nm>Delta Corp</Nm>
                </FinInstnId>
              </CdtrAgt>
            </RltdAgts>
            <RmtInf>
              <Ustrd>NOTPROVIDED</Ustrd>
            </RmtInf>
          </TxDtls>
        </NtryDtls>
      </Ntry>
    </Stmt>
  </BkToCstmrStmt>
</Document>
